2479 3508
1605 2265 1997 2325 AVERTISSEMENT.

1326 2313 1396 2373 Bey
1424 2317 1472 2377 dem
1511 2315 1658 2375 Verleger
1681 2315 1767 2375 dieser
1789 2315 1925 2375 Zeitung
1948 2312 1985 2372 ist
2008 2310 2035 2370 zu
2063 2309 2193 2369 haben:
2221 2312 2307 2372 Leben

1281 2363 1399 2423 Gustav
1431 2361 1565 2421 Adolphs
1592 2357 1638 2417 des
1664 2360 1815 2420 Großen,
1836 2358 1960 2418 Königs
1987 2354 2007 2414 in
2038 2351 2240 2411 Schweden,
2251 2357 2302 2417 aus

1281 2406 1327 2466 dem
1369 2405 1451 2465 engl.
1467 2403 1513 2463 des
1539 2402 1637 2462 Herrn
1663 2402 1720 2462 W.
1736 2402 1839 2462 Harte
1861 2400 2015 2460 übersetzt,
2036 2399 2093 2459 mit
2114 2396 2258 2456 Kupfer,
2284 2402 2315 2462 2.

1285 2452 1425 2512 Bände,
1447 2446 1517 2506 groß
1550 2446 1588 2506 4.
1610 2446 1712 2506 Leipz.
1730 2449 1816 2509 760,
1838 2446 1876 2506 42
1898 2445 1935 2505 fl.
1957 2442 1989 2502 24
2017 2440 2071 2500 gr.
2120 2443 2315 2503 Moralische

1281 2496 1397 2556 Briefe
1424 2491 1476 2551 zur
1509 2489 1651 2549 Bildung
1683 2491 1767 2551 eines
1794 2491 1873 2551 edlen
1905 2488 2053 2548 Herzen,
2080 2485 2095 2545 2
2122 2488 2264 2548 Bände,
2286 2496 2317 2556 3,

1620 2536 1809 2596 Bellegarde
1831 2532 2053 2592 vollkommene
2081 2534 2275 2594 Erziehung,
2287 2539 2319 2599 3,

1286 2540 1393 2600 Leipz.
1399 2536 1473 2596 762,
1497 2536 1508 2596 4
1537 2535 1570 2595 fl.

1289 2587 1382 2647 Berl.
1410 2581 1493 2641 763,
1521 2578 1537 2638 1
1565 2579 1598 2639 fl.
1620 2581 1647 2641 24
1681 2581 1730 2641 gr.
1753 2583 1896 2643 Heinrich
1925 2575 2024 2635 Home
2052 2578 2245 2638 Grundsätze
2268 2581 2311 2641 der

1288 2629 1412 2689 Critick,
1434 2626 1488 2686 aus
1510 2623 1558 2683 dem
1591 2626 1770 2686 englischen,
1781 2624 1840 2684 2ter
1857 2623 1965 2683 Theil,
1971 2620 1981 2680 8
1998 2623 2067 2683 Lpz.
2079 2623 2144 2683 763,
2166 2624 2176 2684 3
2193 2626 2225 2686 fl.
2236 2626 2246 2686 9
2274 2629 2316 2689 gr.

1281 2672 1433 2732 Voltaire
1461 2667 1635 2727 Geschichte
1662 2670 1709 2730 des
1741 2668 1910 2728 Rußischen
1947 2665 2063 2725 Reichs
2096 2667 2185 2727 unter
2212 2665 2312 2725 Peter

1281 2720 1328 2780 den
1360 2712 1514 2772 Großen,
1541 2712 1598 2772 2ter
1615 2712 1720 2772 Theil,
1742 2715 1778 2775 8,
1800 2714 1873 2774 Frf.
1885 2712 1938 2772 und
1959 2714 2059 2774 Leipz.
2070 2712 2139 2772 763,
2166 2712 2176 2772 2
2192 2712 2224 2772 fl.
2240 2712 2250 2772 9
2272 2712 2319 2772 gr.

1285 2766 1355 2826 Die
1377 2754 1669 2814 Schulmeisterin,
1691 2760 1734 2820 ein
1767 2758 1951 2818 musicalisch
1978 2760 2140 2820 Lustspiel,
2162 2757 2237 2817 ital.
2254 2756 2313 2816 und

1287 2809 1423 2869 deutsch,
1443 2805 1474 2865 8,
1501 2802 1604 2862 Berl.
1617 2802 1688 2862 763,
1708 2803 1720 2863 1
1740 2806 1778 2866 fl.

1285 2888 1381 2948 Diese
1398 2884 1543 2944 Gelehrte
1566 2881 1619 2941 und
1647 2885 1813 2945 Politische
1836 2885 1959 2945 Zeitung
1987 2883 2057 2943 wird
2084 2882 2132 2942 des
2160 2882 2289 2942 Montag

1395 2932 1457 2992 und
1478 2930 1629 2990 Freytags
1656 2930 1676 2990 in
1708 2930 1750 2990 dem
1797 2927 1995 2987 Kanterschen
2032 2927 2209 2987 Buchladen

1691 2973 1910 3033 ausgegeben.

1278 343 1333 403 soll
1358 339 1413 399 auf
1439 339 1488 399 den
1525 339 1587 399 28.
1600 342 1692 402 dieses
1718 342 1866 402 Monats
1886 340 2046 400 angesetzt
2059 339 2151 399 seyn,
2177 342 2213 402 um
2251 341 2293 401 sich

1268 389 1402 449 gerades
1434 386 1553 446 Weges
1585 390 1652 450 nach
1683 392 1948 452 Braunschweig
1974 391 2036 451 und
2073 392 2130 452 von
2161 392 2192 452 da
2224 392 2291 452 nach

1270 440 1468 500 Lüneburg,
1491 438 1541 498 als
1576 440 1683 500 Ihrer
1707 442 1881 502 Residenz,
1910 444 1944 504 zu
1973 440 2131 500 begeben.
2200 440 2289 500 Man

1273 488 1392 548 spricht
1414 488 1483 548 auch
1516 487 1571 547 daß
1609 488 1662 548 der
1695 488 1868 548 Erbprinz
1891 494 1949 554 zum
1999 491 2296 551 Generallißimus

1278 539 1326 599 der
1358 539 1511 599 Truppen
1549 537 1598 597 des
1629 536 1764 596 Königs
1796 541 1820 601 im
1864 545 2171 605 Churfürstenthum
2209 542 2307 602 Han¬

1273 586 1376 646 nover
1407 587 1549 647 ernannt
1575 588 1698 648 werden
1728 587 1866 647 möchte.

1561 637 1724 697 Paris,
1761 639 1818 699 den
1854 640 1907 700 15.
1931 643 2024 703 Jan.

1325 688 1401 748 Der
1430 691 1596 751 Cardinal
1619 688 1674 748 von
1702 688 1835 748 Bernis
1863 688 1919 748 soll
1941 691 2007 751 blos
2030 694 2068 754 um
2108 694 2191 754 seine
2208 691 2313 751 häus¬

1275 741 1352 801 liche
1369 742 1667 802 Angelegenheiten
1690 739 1711 799 in
1740 739 1900 799 Ordnung
1923 741 1950 801 zu
1978 742 2138 802 bringen,
2155 745 2221 805 nach
2249 742 2310 802 sei=

1275 787 1331 847 nem
1377 789 1564 849 bisherigen
1593 790 1734 850 Landsitz
1752 792 1865 852 zurück
1888 789 2018 849 gekehrt
2041 789 2131 849 seyn,
2149 793 2256 853 wohin
2274 793 2301 853 er

1274 839 1361 899 nicht
1382 840 1402 900 so
1429 840 1501 900 bald
1522 842 1640 902 wieder
1662 843 1900 903 heimkommen
1931 840 2070 900 möchte,
2081 840 2169 900 wenn
2195 842 2225 902 es
2247 843 2303 903 mit

1280 891 1377 951 seiner
1399 891 1641 951 Bestimmung
1678 893 1709 953 zu
1751 894 1839 954 einer
1881 891 2206 951 außerordentlichen
2238 891 2310 951 Ge¬

1276 939 1458 999 sandschaft
1470 942 1502 1002 an
1531 942 1580 1002 die
1603 945 1786 1005 Republick
1803 942 1935 1002 Pohlen
1964 942 2019 1002 bey
2047 942 2097 1002 der
2114 940 2307 1000 gegenwär¬

1275 990 1359 1050 tigen
1388 991 1483 1051 neuen
1513 992 1767 1052 Königswahl,
1790 992 1874 1052 seine
1897 994 2095 1054 Richtigkeit
2113 990 2185 1050 hat.

1326 1037 1401 1097 Der
1423 1040 1796 1100 General=Controleur
1824 1043 1872 1103 der
1900 1043 2095 1103 Finanzen,
2122 1043 2213 1103 Herr
2241 1037 2295 1097 von

1278 1091 1420 1151 Laverdy
1447 1089 1506 1149 hat
1527 1090 1580 1150 bey
1612 1090 1664 1150 dem
1702 1091 2147 1151 Handlungsdepartement
2169 1091 2216 1151 die
2237 1091 2316 1151 gro¬

1275 1142 1307 1202 ße
1335 1140 1437 1200 Frage
1464 1139 1573 1199 wegen
1606 1138 1654 1198 der
1681 1139 1833 1199 Ausfuhr
1860 1139 1909 1199 des
1937 1144 2126 1204 Getreydes
2148 1142 2223 1202 aufs
2246 1139 2310 1199 Ta¬

1274 1192 1326 1252 pet
1343 1187 1512 1247 gebracht.
1565 1184 1639 1244 Die
1656 1189 1899 1249 Abgeordneten
1932 1190 2016 1250 einer
2038 1192 2127 1252 jeden
2149 1190 2302 1250 Provinz

1280 1237 1366 1297 sollen
1399 1234 1425 1294 in
1464 1234 1501 1294 14
1535 1232 1642 1292 Tagen
1670 1236 1723 1296 ihr
1751 1237 1935 1297 Gutachten
1968 1237 2114 1297 darüber
2136 1240 2303 1300 ertheilen,

1276 1285 1381 1345 damit
1403 1284 1461 1344 das
1488 1285 1736 1345 Depärtement
1757 1285 1804 1345 die
1837 1286 2122 1346 vortheilhafteste
2149 1290 2291 1350 Parthey

1280 1340 1332 1400 fur
1361 1339 1412 1399 die
1436 1339 1661 1399 Unterthanen
1702 1339 1753 1399 des
1789 1339 1921 1399 Königs
1951 1339 1985 1399 zu
2020 1339 2222 1399 beurtheilen
2257 1339 2285 1399 im

1283 1393 1419 1453 Stande
1443 1390 1507 1450 sey.
1543 1390 1721 1450 Vielleicht
1739 1392 1844 1452 dürfte
1863 1393 1940 1453 diese
1964 1394 2070 1454 Frage
2088 1391 2147 1451 mit
2165 1390 2212 1450 der
2230 1390 2312 1450 Auf¬

1274 1444 1358 1504 gabe
1375 1440 1427 1500 des
1454 1440 1670 1500 Parlaments
1692 1441 1723 1501 an
1750 1443 1792 1503 die
1814 1443 2035 1503 medicinische
2052 1443 2204 1503 Facultät
2226 1440 2305 1500 über

1276 1491 1323 1551 die
1340 1490 1572 1550 Einpropfung
1599 1489 1647 1549 der
1663 1491 1933 1551 Kinderblattern
1961 1494 1997 1554 ein
2024 1494 2151 1554 gleiches
2178 1494 2310 1554 Schick=

1279 1540 1325 1600 sal
1341 1536 1469 1596 haben.
1516 1538 1675 1598 Nachdem
1722 1539 1773 1599 sich
1811 1539 1861 1599 die
1888 1541 2135 1601 Commißarien
2166 1544 2217 1604 der
2244 1542 2305 1602 Fa¬

1281 1587 1381 1647 cultät
1407 1586 1456 1646 den
1492 1584 1582 1644 13ten
1613 1584 1709 1644 dieses
1739 1587 1951 1647 versammlet
1972 1590 2077 1650 hatten
2108 1590 2249 1650 darüber
2274 1590 2299 1650 zu

1281 1637 1564 1697 berathschlagen,
1580 1637 1683 1697 waren
1716 1634 1727 1694 6
1760 1637 1934 1697 Stimmen
1967 1637 2065 1697 gegen
2092 1637 2130 1697 6.
2179 1634 2304 1694 Beyde

1286 1691 1401 1751 Theile
1430 1688 1557 1748 werden
1585 1686 1652 1746 ihre
1686 1688 1946 1748 Vorstellungen
1981 1688 2030 1748 der
2053 1688 2213 1748 Facultät
2247 1687 2313 1747 ein¬

1277 1742 1401 1802 geben,
1418 1742 1469 1802 die
1486 1738 1605 1798 selbige
1634 1740 1860 1800 untersuchen,
1889 1742 1951 1802 und
1974 1742 2047 1802 ihre
2065 1742 2302 1802 Entscheidung

1281 1790 1332 1850 dem
1384 1787 1591 1847 Parlament
1612 1790 1793 1850 übergeben
1819 1787 1917 1847 wird.

1482 1837 1700 1897 Florenz,
1732 1837 1791 1897 den
1823 1839 1860 1899 30
1898 1837 2105 1897 December.

1331 1884 1408 1944 Der
1436 1886 1525 1946 Herr
1548 1888 1691 1948 Digny,
1714 1888 2086 1948 General=Directeur
2114 1888 2170 1948 der
2193 1886 2314 1946 Pacht¬

1279 1939 1479 1999 rechnungen
1517 1939 1574 1999 von
1617 1939 1769 1999 Toscana
1812 1942 1870 2002 und
1907 1939 1959 1999 der
1992 1937 2149 1997 Kayserl.
2171 1936 2308 1996 Schatz¬

1281 1991 1427 2051 kammer
1449 1990 1486 2050 ist
1508 1990 1562 2050 den
1595 1992 1687 2052 25ten
1720 1990 1816 2050 dieses
1850 1992 1919 2052 nach
1952 1990 2066 2050 Siena
2088 1987 2239 2047 gereiset,
2256 1986 2287 2046 um

1281 2041 1351 2101 eine
1373 2040 1547 2100 Maschine
1575 2040 1607 2100 zu
1635 2040 1771 2100 Stande
1793 2043 1826 2103 zu
1854 2041 2017 2101 bringen,
2034 2040 2229 2100 vermittelst
2246 2034 2322 2094 wel¬

1282 2091 1347 2151 cher
1376 2091 1408 2151 er
1436 2091 1568 2151 jährlich
1602 2089 1652 2149 bis
1686 2090 1724 2150 10
1763 2091 1945 2151 Millionen
1980 2094 2073 2154 Salz
2107 2091 2194 2151 ohne
2223 2088 2305 2148 viele

1281 2143 1438 2203 Unkosten
1471 2142 1530 2202 aus
1569 2141 1617 2201 dem
1661 2139 1877 2199 Meerwaßer
1905 2142 1931 2202 zu
1964 2142 2067 2202 ziehen
2100 2142 2289 2202 vermeynt.

201 348 262 408 und
287 347 341 407 der
367 344 514 404 Königin
539 342 631 402 durch
663 340 711 400 den
749 340 884 400 Grafen
922 339 982 399 von
1020 341 1222 401 Winchelsea

200 396 260 456 und
286 392 498 452 Vicountvon
529 392 761 452 Canteloupe,
781 392 842 452 und
862 391 912 451 der
933 390 1049 450 beyden
1075 389 1221 449 Prinzen

196 447 344 507 Wilhelm
395 443 455 503 und
483 443 626 503 Henrich
660 442 748 502 durch
782 442 837 502 den
870 439 980 499 Herrn
1014 440 1052 500 Le
1080 437 1229 497 Grand;

201 497 339 557 hierauf
361 494 410 554 den
444 494 477 554 14
505 493 554 553 die
577 491 720 551 Besuche
748 491 797 551 der
820 491 958 551 hiesigen
992 490 1052 550 und
1080 488 1218 548 fremden

201 545 384 605 Minister,
411 543 481 603 auch
503 539 637 599 übrigen
665 542 1005 602 Standespersonen.
1038 539 1123 599 Eben
1156 538 1231 598 den¬

201 598 293 658 selben
329 595 398 655 Tag
422 593 573 653 verfügte
597 592 649 652 sich
684 592 789 652 dieser
819 592 929 652 Prinz
959 591 987 651 in
1017 589 1220 649 Begleitung

204 648 327 708 einiger
354 643 488 703 Großen
519 643 570 703 des
597 643 716 703 Reichs
742 643 803 703 und
836 643 979 703 zweener
1011 640 1068 700 von
1110 640 1212 700 seinem

205 697 331 757 eigenen
365 693 509 753 Gefolge
537 694 608 754 nach
642 694 713 754 St.
737 692 890 752 James,
924 688 1073 748 woselbst
1102 690 1129 750 er
1157 688 1206 748 dem

198 750 330 810 Könige
363 744 547 804 vorgestellt
569 742 712 802 wurde,
744 742 807 802 und
840 742 913 802 nach
946 742 1030 802 einer
1062 742 1236 802 halbstün¬

201 798 292 858 digen
320 795 553 855 Unterredung
580 795 629 855 sich
651 793 704 853 zur
732 792 883 852 Königin
911 789 1041 849 begab,
1069 789 1133 849 und
1161 789 1220 849 von

201 849 270 909 hier
293 849 363 909 nach
401 843 449 903 dem
493 845 622 905 Pallast
639 843 807 903 Leicester,
823 843 861 903 um
894 843 942 903 die
959 840 1142 900 Prinzeßin
1165 839 1218 899 von

201 897 353 957 Wallis,
376 894 426 954 die
449 894 630 954 Prinzeßin
665 894 805 954 Augusta
845 893 907 953 und
936 894 1054 954 übrige
1083 891 1229 951 Königl.

208 946 351 1006 Familie
369 945 401 1005 zu
430 945 612 1005 begrüßen.
663 945 824 1005 Nachdem
875 945 952 1005 alles
986 942 1041 1002 zur
1064 942 1235 1002 Hochzeit¬

206 998 292 1058 feyer
325 992 535 1052 eingerichtet
562 995 659 1055 war,
692 995 816 1055 geschah
854 992 897 1052 die
925 992 1221 1052 Bekantmachung

205 1047 365 1107 derselben
399 1046 448 1106 den
487 1043 543 1103 16.
571 1043 670 1103 dieses
709 1043 764 1103 des
798 1043 931 1103 Abends
959 1040 997 1100 um
1042 1040 1075 1100 7.
1103 1041 1169 1101 Uhr
1197 1039 1224 1099 in

205 1100 260 1160 der
288 1095 437 1155 Königl.
460 1094 593 1154 Kapelle
616 1094 649 1154 zu
677 1094 749 1154 St.
766 1094 915 1154 James.
966 1089 1016 1149 Es
1049 1091 1160 1151 wurde
1183 1091 1238 1151 ab¬

201 1148 367 1208 gemacht,
390 1146 445 1206 daß
474 1146 539 1206 bloß
568 1143 618 1203 die
641 1142 751 1202 Pairs
779 1142 879 1202 dieses
913 1139 1135 1199 Königreichs
1169 1139 1234 1199 mit

204 1198 296 1258 ihren
327 1196 575 1256 Gemalinnen,
601 1190 761 1250 Töchtern
797 1190 859 1250 und
896 1190 1024 1250 ältesten
1066 1187 1236 1247 Söhnen,

204 1249 252 1309 die
275 1246 459 1306 Geheimen
486 1245 594 1305 Räthe
622 1240 713 1300 nebst
730 1238 816 1298 ihren
850 1238 1072 1298 Gemalinnen
1105 1235 1164 1295 und
1186 1233 1229 1293 die

206 1300 351 1360 fremden
384 1294 545 1354 Minister
573 1294 611 1354 an
649 1291 703 1351 der
736 1291 935 1351 Ceremonie
963 1288 1071 1348 Theil
1093 1285 1227 1345 nehmen

209 1351 341 1411 sollten.
368 1345 442 1405 Den
474 1345 563 1405 16ten
596 1345 808 1405 Vormittags
840 1342 887 1402 lud
919 1342 966 1402 der
988 1339 1152 1399 Erbprinz
1173 1339 1226 1399 von

210 1398 470 1458 Braunschweig
498 1396 525 1456 in
554 1396 681 1456 Person
715 1393 758 1453 die
787 1396 986 1456 Mitglieder
1014 1393 1064 1453 der
1092 1393 1235 1453 Königl.

208 1452 363 1512 Familie,
391 1446 440 1506 des
469 1446 568 1506 Adels
597 1445 657 1505 und
691 1443 740 1503 die
769 1443 979 1503 auswärtige
1002 1441 1168 1501 Minister
1191 1440 1224 1500 zu

210 1500 309 1560 seiner
337 1499 570 1559 Vermählung
604 1494 664 1554 mit
692 1491 742 1551 der
775 1491 958 1551 Prinzeßin
997 1488 1141 1548 Augusta
1169 1491 1235 1551 ein.

211 1551 254 1611 Um
294 1551 304 1611 6
338 1548 403 1608 Uhr
432 1547 481 1607 des
509 1545 641 1605 Abends
669 1542 780 1602 kamen
814 1539 863 1599 die
880 1541 979 1601 Gäste
996 1538 1067 1598 nach
1090 1539 1156 1599 St.
1173 1536 1239 1596 Ja¬

205 1600 275 1660 mes
302 1599 513 1659 zusammen,
542 1596 650 1656 wohin
677 1593 726 1653 sich
753 1592 818 1652 auch
851 1590 900 1650 der
928 1590 1036 1650 Prinz
1053 1590 1149 1650 begab
1172 1587 1231 1647 und

207 1649 345 1709 hierauf
357 1648 403 1708 die
421 1647 601 1707 Princeßin
624 1643 769 1703 Augusta
793 1643 815 1703 in
839 1643 1041 1703 Begleitung
1065 1640 1117 1700 der
1135 1640 1238 1700 Prin=

202 1702 292 1762 zeßin
327 1697 383 1757 von
418 1697 565 1757 Wallis,
594 1697 684 1757 ihrer
719 1694 871 1754 Mutter,
901 1694 962 1754 und
997 1694 1087 1754 gegen
1122 1693 1133 1753 7
1162 1691 1229 1751 Uhr

207 1751 336 1811 geschah
365 1745 410 1805 die
439 1745 604 1805 Trauung
633 1744 723 1804 durch
752 1742 814 1802 den
837 1742 1024 1802 Erzbischof
1059 1740 1109 1800 von
1150 1742 1240 1802 Can¬

204 1802 361 1862 terbury.
415 1798 493 1858 Der
515 1793 641 1853 Herzog
673 1793 725 1853 von
757 1793 983 1853 Cumberland
1010 1790 1136 1850 vertrat
1163 1787 1236 1847 Va¬

206 1852 272 1912 ters
301 1849 411 1909 Stelle
445 1844 500 1904 bey
528 1844 583 1904 der
606 1843 816 1903 Prinzeßin.
895 1841 944 1901 Um
984 1842 994 1902 9
1034 1840 1105 1900 Uhr
1134 1837 1233 1897 begab

211 1903 259 1963 sich
297 1900 351 1960 das
384 1894 644 1954 neuvermählte
672 1894 769 1954 Paar
802 1891 856 1951 von
889 1891 964 1951 St.
997 1891 1122 1951 James
1160 1891 1230 1951 nach

206 1951 374 2011 Leicester,
396 1945 445 2005 wo
473 1945 511 2005 sie
533 1945 598 2005 mit
615 1942 669 2002 der
691 1939 876 1999 Prinzeßin
910 1942 964 2002 von
997 1941 1144 2001 Wallis,
1172 1939 1225 1999 den

211 2001 329 2061 jungen
364 1996 511 2056 Prinzen
552 1992 613 2052 und
648 1990 835 2050 Prinzeßin
870 1993 897 2053 zu
938 1993 1051 2053 Nacht
1069 1990 1238 2050 speiseten.

214 2052 259 2112 Um
306 2049 363 2109 11.
381 2046 450 2106 Uhr
486 2043 636 2103 verfügte
665 2041 717 2101 sich
752 2043 809 2103 das
839 2043 919 2103 hohe
943 2043 1041 2103 Paar
1065 2040 1139 2100 nach
1169 2040 1220 2100 dem

218 2103 355 2163 Seville
378 2097 493 2157 Haus,
522 2097 570 2157 wo
599 2097 675 2157 alles
704 2096 736 2156 zu
764 2094 852 2154 ihrem
897 2094 1045 2154 Einzuge
1062 2088 1238 2148 eingerich¬

212 2154 258 2214 tet
289 2151 392 2211 war,
429 2146 490 2206 und
527 2145 573 2205 wo
604 2145 646 2205 sie
677 2145 775 2205 heute
796 2143 853 2203 von
884 2145 961 2205 allen
992 2142 1157 2202 Personen
1194 2140 1240 2200 die

215 2199 567 2259 Glückwünschungen
600 2193 860 2253 angenommen.
936 2193 1050 2253 Diese
1072 2192 1179 2252 Nacht
1202 2190 1239 2250 ist

215 2252 304 2312 Ball
323 2252 346 2312 zu
377 2249 449 2309 St.
468 2245 612 2305 James.
667 2243 744 2303 Der
763 2241 877 2301 König
902 2243 955 2303 hat
980 2246 1028 2306 die
1047 2241 1227 2301 Prinzeßin

221 2303 364 2363 Augusta
387 2300 452 2360 mit
475 2297 562 2357 einem
602 2293 833 2353 diamantenen
861 2294 1037 2354 Halsband
1065 2294 1241 2354 beschenkt,

217 2355 272 2415 das
302 2350 437 2410 30000.
455 2351 523 2411 Pf.
546 2346 664 2406 Sterl.
688 2344 835 2404 geschätzt
864 2342 971 2402 wird;
1006 2345 1057 2405 die
1086 2344 1232 2404 Königin

218 2403 282 2463 mit
299 2399 385 2459 einer
407 2398 472 2458 sehr
500 2397 646 2457 küͤnstlich
673 2393 890 2453 gearbeiteten
918 2393 982 2453 und
1010 2393 1069 2453 mit
1092 2390 1248 2450 Edelstei¬

218 2452 273 2512 nen
301 2443 445 2503 besetzten
473 2449 628 2509 goldenen
651 2445 878 2505 Repetiruhr;
906 2445 972 2505 und
989 2443 1038 2503 die
1056 2444 1232 2504 Prinzeßin

221 2504 273 2564 von
306 2497 433 2557 Wallis
460 2494 517 2554 mit
544 2497 629 2557 einem
682 2494 741 2554 von
778 2497 969 2557 Brillanten
1001 2494 1117 2554 reichen
1150 2494 1250 2554 Büs¬

428 2544 496 2604 Die
519 2545 660 2605 Bänder
689 2545 739 2605 bey
768 2545 863 2605 diesem
903 2545 1242 2605 Vermählungsfeste

219 2552 356 2612 quiere.

218 2605 325 2665 waren
355 2595 473 2655 gülden
502 2593 576 2653 oder
605 2593 741 2653 silbern,
764 2593 827 2653 mit
850 2595 929 2655 zwey
958 2594 1082 2654 Herzen
1118 2593 1173 2653 und
1208 2592 1247 2652 ei¬

218 2656 257 2716 ne
281 2643 502 2703 Tuxteltaube
525 2641 587 2701 mit
610 2641 695 2701 einem
741 2641 905 2701 Oelzweig
934 2643 956 2703 im
996 2643 1183 2703 Schnabel,
1195 2643 1240 2703 als

220 2710 270 2770 den
302 2693 509 2753 Sinbildern
535 2691 585 2751 der
611 2688 679 2748 Ehe
705 2686 761 2746 und
793 2688 843 2748 des
869 2691 1057 2751 Friedens;
1095 2694 1157 2754 mit
1177 2694 1245 2754 Ro¬

229 2761 292 2821 sen.
322 2750 414 2810 Lilien
443 2743 500 2803 und
523 2739 693 2799 Lorbeeren
716 2739 916 2799 durchstickt,
938 2739 987 2799 als
1018 2739 1238 2799 Merkzeichen

220 2812 273 2872 der
307 2801 426 2861 Liebe,
460 2796 513 2856 der
533 2791 679 2851 Anmuth
713 2789 779 2849 und
813 2787 866 2847 des
900 2788 1053 2848 Sieges,
1074 2790 1146 2850 auch
1187 2791 1246 2851 mit

223 2854 425 2914 Trompeten
462 2847 523 2907 und
561 2841 677 2901 andern
714 2838 947 2898 musicalischen
985 2841 1236 2901 Instrumenten

228 2910 361 2970 geziert,
387 2902 438 2962 als
458 2895 661 2955 Denkmalen
688 2893 738 2953 der
758 2892 898 2952 Freude,
924 2891 981 2951 des
1007 2891 1166 2951 Ruhms,
1192 2893 1243 2953 der

231 2957 481 3017 Gluckseligkeit
506 2951 545 3011 rc.
562 2950 610 3010 rc.
652 2948 731 3008 Die
749 2945 877 3005 Abreise
894 2942 990 3002 dieses
1008 2943 1104 3003 hohen
1129 2945 1241 3005 Paars
