2479 3508
1223 401 1356 461 Hauses
1386 404 1408 464 in
1438 401 1547 461 täglich
1577 403 1803 463 vergrösserter
1821 404 2082 464 Glückseligkeit,
2094 401 2175 461 ohne
2193 401 2244 461 die

162 452 261 512 Den
288 452 395 512 unserm
435 446 674 506 hocherhabnen
701 446 854 506 Preußen
881 449 967 509 durch
995 449 1034 509 die
1054 446 1173 506 Gebur

1225 452 1387 512 geringste
1404 452 1676 512 Verfinsterung,
1693 452 1741 512 bis
1764 452 1796 512 zu
1829 454 1926 514 seinem
1966 452 2063 512 GOtt
2085 452 2156 512 gebe
2178 452 2242 512 spät

166 503 279 563 unsers
297 497 555 557 allertheuresten
579 494 819 554 Friedrichs
837 497 934 557 heute
952 500 1003 560 zum
1038 500 1187 560 Wunder

1224 503 1457 563 ausgesetzten,
1463 500 1647 560 glorreichen
1669 503 1875 563 Niedergang
1897 503 2055 563 erhalten,
2067 503 2161 563 damit
2178 501 2230 561 sein

165 553 265 613 vieler
283 548 406 608 Welten
429 545 698 605 aufgegangenen
721 548 929 608 Glücksstern
957 549 1052 609 erster
1076 548 1187 608 Größe

1228 551 1444 611 holdseligster
1461 551 1615 611 Einfluß,
1627 551 1649 611 in
1679 551 1723 611 der
1741 551 1923 611 Nachfolge
1946 551 2026 611 eines
2055 551 2146 611 gleich
2175 551 2248 611 hell¬

180 601 271 661 wolle
288 598 331 658 die
353 595 509 655 Vorsicht,
526 597 628 657 damit
651 595 710 655 wir
726 598 774 658 den
802 598 1023 658 mildthätigen
1051 598 1180 658 Einfluß

1224 600 1415 660 glänzenden
1443 598 1500 658 und
1528 598 1708 658 glücklichen
1735 598 1911 658 Gestirns,
1927 599 1980 659 von
2007 601 2113 661 unsern
2140 601 2246 661 Nach¬

177 646 326 706 desselben
347 646 439 706 lange
455 646 656 706 empfinden,
667 646 744 706 nebst
765 646 811 706 dem
848 646 1106 706 hellglänzenden
1127 649 1188 709 Ne=

1218 649 1361 709 kommen
1391 648 1702 708 wahrgenommen,
1723 646 1781 706 und
1812 647 1870 707 wie
1886 648 1985 708 anitzt
2005 649 2059 709 von
2089 652 2153 712 uns
2178 649 2242 709 mit

179 697 380 757 bengestirne
398 697 445 757 des
469 697 605 757 Königl.
617 697 747 757 Preuß.
754 697 1179 757 Churbrandenburgischen

1222 700 1444 760 entzückender
1461 700 1634 760 Ehrfurcht
1651 700 1704 760 und
1727 698 1841 758 Freude
1863 697 2052 757 empfunden
2075 700 2193 760 werde.
2200 702 2242 762 rc.

1222 898 1347 958 Courir
1378 900 1437 960 das
1468 900 1564 960 blaue
1589 900 1720 960 Band,
1745 900 1817 960 oder
1847 900 1901 960 den
1932 900 2034 960 Orden
2064 897 2118 957 des
2149 894 2244 954 heili¬

403 891 592 951 Berlin,
622 897 680 957 den
717 899 782 959 28.
812 897 964 957 Jenner.

216 942 294 1002 Se.
317 942 490 1002 Majestät
514 944 569 1004 der
592 943 698 1003 König
738 945 839 1005 haben
879 948 928 1008 den
968 947 1024 1007 bey
1053 948 1108 1008 der
1131 948 1198 1008 Kö¬

1217 949 1273 1009 gen
1309 950 1464 1010 Geistes.

169 995 412 1055 nigsbergschen
450 992 610 1052 Krieges=
626 994 689 1054 und
721 995 1094 1055 Domainen=Kammer
1126 995 1198 1055 bis¬

1408 997 1745 1057 Regensburg,
1775 995 1827 1055 vom
1876 998 1940 1058 16.
1959 995 2052 1055 Jan.

1266 1040 1343 1100 Bey
1377 1045 1432 1105 dem
1477 1049 1511 1109 am
1561 1046 1633 1106 9ten
1667 1043 1767 1103 dieses
1807 1046 1995 1106 gehaltenen
2030 1040 2246 1100 Reichsrath,

174 1046 227 1106 her
248 1043 459 1103 gestandenen
492 1043 645 1103 Krieges=
667 1043 724 1103 und
746 1046 1069 1106 Domainen=Rath,
1080 1046 1185 1106 Herrn

169 1094 374 1154 Lehmann,
406 1093 464 1153 zum
512 1094 706 1154 Director,
738 1096 796 1156 den
828 1097 1043 1157 Amtmann,
1076 1096 1180 1156 Herrn
1224 1092 1265 1152 ist
1292 1093 1350 1153 das
1382 1096 1502 1156 neulich
1540 1097 1566 1157 in
1603 1094 1797 1154 Bewegung
1835 1094 1998 1154 gebrachte
2025 1091 2145 1151 Gesuch
2183 1088 2235 1148 des

177 1142 535 1202 Schimmelpfennig,
567 1142 624 1202 zum
683 1145 851 1205 Krieges=
883 1145 945 1205 und
978 1145 1193 1205 Domainen=
1225 1145 1645 1205 Reichs=Erbmarschalls,
1667 1145 1740 1205 Hn.
1762 1142 1888 1202 Grafen
1915 1142 1972 1202 von
1999 1141 2219 1201 Pappenheim

1219 1193 1256 1253 um
1305 1194 1555 1254 Verwilligung
1588 1196 1603 1256 2
1636 1193 1945 1253 Römer=Monate
1977 1190 2009 1250 zu
2041 1190 2238 1250 Vergütung

165 1193 255 1253 Rath
287 1190 346 1250 bey
379 1192 432 1252 der
464 1191 737 1251 Gumbinnschen
775 1196 968 1256 Kammer,
1000 1196 1187 1256 imgleichen

1219 1240 1273 1300 des
1309 1242 1460 1302 gehabten
1496 1243 1611 1303 großen
1642 1242 1848 1302 Aufwandes
1884 1240 1939 1300 bey
1970 1240 2024 1300 den
2060 1237 2140 1297 zwey
2176 1236 2231 1296 letz

174 1241 226 1301 den
259 1240 559 1300 Königsbergschen
591 1240 865 1300 Bau=Director,
882 1246 987 1306 Herrn
1008 1244 1198 1304 Gerhardt,

1208 1288 1260 1348 ten
1286 1291 1542 1351 Kayserwahlen
1574 1293 1856 1353 vorgekommen,
1883 1289 1945 1349 und
1977 1285 2040 1345 soll
2061 1285 2113 1345 die
2134 1283 2249 1343 Versi¬

169 1288 225 1348 den
267 1288 453 1348 bisherigen
489 1291 696 1351 Amtsrath,
723 1292 836 1352 Herrn
868 1291 1007 1351 Filius,
1039 1293 1100 1353 und
1137 1294 1188 1354 den

1222 1334 1357 1394 cherung
1390 1333 1525 1393 gegeben
1563 1336 1725 1396 werden,
1762 1336 1843 1396 diese
1880 1331 2029 1391 Materie
2061 1333 2129 1393 nach
2166 1333 2220 1393 zum

177 1335 434 1395 Neuhausischen
466 1338 785 1398 Justitz=Director,
812 1336 919 1396 Herrn
946 1339 1002 1399 von
1034 1339 1126 1399 Ostau
1158 1338 1183 1398 zu

1224 1378 1344 1438 Stand
1375 1378 1556 1438 gebrachter
1576 1380 1763 1440 Römischen
1788 1378 2020 1438 Königswahl
2036 1381 2060 1441 in
2091 1378 2141 1438 die
2156 1381 2241 1441 Pro¬

167 1378 334 1438 Krieges=
354 1380 414 1440 und
443 1381 792 1441 Domainen=Räthen
821 1381 872 1441 bey
900 1381 947 1441 der
966 1381 1194 1441 Königsberg¬

1221 1422 1354 1482 position
1380 1425 1411 1485 zu
1438 1428 1572 1488 stellen,
1598 1427 1675 1487 weil
1701 1428 1788 1488 schon
1820 1428 1908 1488 Vota
1939 1428 2062 1488 majora
2099 1430 2243 1490 vorhan¬

169 1425 251 1485 schen
288 1425 448 1485 Kammer
474 1422 712 1482 allergnädigst
738 1422 893 1482 bestellet.
950 1425 1027 1485 Die
1049 1425 1188 1485 Königl.

170 1473 348 1533 Academie
376 1470 430 1530 der
453 1470 576 1530 Künste
605 1471 664 1531 und
697 1470 751 1530 der
773 1476 1033 1536 Wissenschaften
1072 1476 1191 1536 feyerte

1214 1473 1266 1533 den
1304 1475 1389 1535 sind.
1443 1479 1495 1539 Am
1549 1479 1644 1539 11ten
1682 1478 1778 1538 dieses
1816 1476 1927 1536 langte
1965 1478 2006 1538 ein
2050 1477 2156 1537 Theil
2183 1481 2235 1541 der

170 1524 203 1584 in
231 1524 319 1584 einer
342 1523 536 1583 öffentlichen
570 1524 824 1584 Versammkung
858 1530 1068 1590 verwichenen
1097 1530 1196 1590 Don¬

1221 1527 1347 1587 Fürstl.
1365 1530 1612 1590 Esterhasischen
1643 1530 1787 1590 Bagage
1812 1527 1896 1587 nebst
1915 1527 1926 1587 9
1963 1525 2071 1585 Pagen
2114 1527 2173 1587 und
2198 1530 2246 1590 ei=

162 1575 270 1635 nestag
310 1573 372 1633 das
413 1575 498 1635 hohe
539 1578 761 1638 Geburtsfest
807 1581 921 1641 unsers
962 1581 1195 1641 Monarchen.

1214 1577 1309 1637 nigen
1341 1581 1616 1641 Cammerherren
1649 1581 1717 1641 hier
1739 1580 1807 1640 an,
1839 1578 1955 1638 welche
1977 1578 2088 1638 Tages
2120 1578 2236 1638 darauf

165 1626 241 1686 Der
259 1625 447 1685 beständige
469 1628 646 1688 Secretair
669 1628 851 1688 derselben,
874 1632 957 1692 Herr
979 1633 1090 1693 Prof.
1107 1631 1189 1691 For=
1218 1628 1333 1688 weiter
1362 1631 1433 1691 nach
1462 1631 1644 1691 Frankfurt
1672 1631 1871 1691 abgiengen.
1922 1629 1999 1689 Se.
2016 1628 2165 1688 Durchl.
2188 1630 2243 1690 ge¬

170 1678 267 1738 mey,
284 1679 423 1739 eröfnete
446 1676 494 1736 die
522 1679 662 1739 Sitzung
690 1679 781 1739 durch
814 1679 884 1739 eine
907 1681 965 1741 auf
993 1682 1073 1742 diese
1096 1682 1198 1742 Gele¬

1225 1677 1278 1737 hen
1311 1680 1386 1740 über
1409 1682 1570 1742 München
1603 1682 1716 1742 dahin.
1744 1682 1819 1742 Die
1836 1679 2090 1739 Cammerherrn
2112 1679 2170 1739 sind
2193 1679 2235 1739 die

1214 1730 1329 1790 Herrn
1358 1730 1484 1790 Grafen
1512 1730 1568 1790 von
1596 1733 1783 1793 Bathiani,
1800 1730 1855 1790 von
1889 1732 2076 1792 Forgatsch,
2094 1730 2148 1790 von
2182 1727 2242 1787 Er¬

177 1730 308 1790 genheit
335 1730 556 1790 eingerichtete
588 1730 709 1790 Rede,
741 1730 804 1790 und
836 1730 941 1790 verlaß
973 1733 1093 1793 darauf
1120 1733 1188 1793 eine

166 1778 350 1838 Lobschrift
374 1778 433 1838 auf
463 1778 510 1838 den
546 1778 617 1838 seel.
635 1778 742 1838 Herrn
778 1778 837 1838 D.
861 1781 997 1841 Ludolf,
1027 1781 1187 1841 Mitglied

1224 1781 1319 1841 dodi,
1350 1781 1404 1841 von
1435 1781 1604 1841 Cavriani
1629 1782 1689 1842 und
1714 1781 1773 1841 von
1805 1781 1937 1841 Ozecka.

175 1828 230 1888 der
258 1825 435 1885 physischen
469 1825 590 1885 Claße.
641 1822 713 1882 Die
746 1825 868 1885 Herren
908 1827 968 1887 von
997 1831 1196 1891 Beausobre

1493 1834 1661 1894 Paris,
1685 1836 1736 1896 den
1778 1834 1836 1894 13.
1865 1834 1958 1894 Jan.

165 1876 231 1936 und
260 1876 315 1936 von
349 1876 427 1936 Catt
450 1876 527 1936 lasen
556 1874 628 1934 ihre
651 1874 913 1934 Abhandlungen
947 1876 1025 1936 über
1048 1876 1092 1936 die
1115 1879 1198 1939 Em¬

1265 1878 1338 1938 Der
1373 1882 1538 1942 Cardinal
1567 1882 1623 1942 von
1658 1885 1795 1945 Bernis
1835 1882 1875 1942 ist
1904 1884 1966 1944 aus
2001 1882 2097 1942 seiner
2132 1882 2234 1942 Abtey

166 1927 363 1987 pfindungen
407 1924 462 1984 der
494 1923 587 1983 Ehre
625 1920 686 1980 und
730 1921 810 1981 über
848 1923 897 1983 die
935 1927 1182 1987 Eigenschaften

1222 1927 1297 1987 St.
1314 1930 1459 1990 Medard
1487 1933 1617 1993 unweit
1639 1933 1828 1993 Soissons,
1856 1932 1964 1992 wohin
1992 1930 2023 1990 er
2046 1931 2159 1991 1758.
2176 1932 2245 1992 ver¬

170 1977 263 2037 eines
308 1973 467 2033 gelehrten
523 1969 711 2029 Mannes,
755 1970 816 2030 und
855 1972 970 2032 zuletzt
1005 1975 1059 2035 der
1098 1975 1186 2035 Herr
1225 1978 1335 2038 wiesen
1358 1979 1485 2039 wurde,
1502 1981 1612 2041 zurück
1629 1981 1767 2041 geruffen
1789 1981 1938 2041 worden,
1956 1981 2016 2041 und
2038 1981 2121 2041 hatte
2138 1981 2181 2041 den
2204 1982 2242 2042 9.

166 2025 310 2085 Hofrath
346 2020 403 2080 von
439 2017 665 2077 Francheville
700 2016 781 2076 seine
811 2022 1066 2082 Anmerkungen
1107 2025 1182 2085 über
1223 2025 1275 2085 die
1293 2024 1379 2084 Ehre
1403 2025 1455 2085 sich
1479 2025 1542 2085 mit
1566 2025 1612 2085 des
1642 2027 1769 2087 Königs
1798 2030 1897 2090 Maj.
1915 2031 2054 2091 ziemlich
2084 2031 2176 2091 lange
2205 2031 2234 2091 zu

167 2073 216 2133 den
250 2069 416 2129 Ursprung
450 2067 500 2127 der
522 2067 655 2127 Türken
684 2064 761 2124 vor.

1219 2074 1446 2134 unterhalten.
1499 2073 1654 2133 Nachdem
1691 2075 1722 2135 er
1744 2076 1795 2136 der
1816 2079 1955 2139 Königl.
1971 2076 2117 2136 Familie
2133 2077 2241 2137 gleich¬

455 2119 613 2179 Wien,
644 2123 698 2183 den
742 2124 802 2184 11.
833 2124 924 2184 Jan.

1221 2124 1287 2184 fals
1314 2120 1390 2180 seine
1417 2118 1633 2178 Aufwartung
1660 2121 1825 2181 gemacht,
1851 2122 1954 2182 kehrte
1985 2121 2011 2181 er
2037 2123 2088 2183 den
2115 2125 2238 2185 folgen¬

1223 2172 1274 2232 den
1309 2169 1373 2229 Tag
1402 2169 1471 2229 nach
1501 2169 1599 2229 seiner
1623 2172 1721 2232 Abtey
1756 2174 1895 2234 zurück,
1918 2172 2068 2232 woselbst
2098 2175 2156 2235 sein
2191 2174 2242 2234 ge¬

215 2172 280 2232 Zur
305 2172 400 2232 Reise
424 2172 502 2232 Sr.
520 2174 663 2234 Majest.
687 2172 735 2232 des
766 2175 908 2235 Kaysers
945 2175 1004 2235 und
1041 2172 1094 2232 des
1118 2172 1195 2232 Erz¬

1223 2217 1442 2277 genwärtiger
1466 2221 1668 2281 Aufenthalt
1697 2223 1870 2283 freywillig
1900 2224 1957 2284 ist.
2004 2223 2079 2283 Der
2103 2226 2223 2286 Herzog

171 2226 309 2286 herzogs
333 2223 477 2283 Josephs
496 2225 564 2285 nach
588 2223 768 2283 Frankfurt
786 2226 815 2286 am
856 2226 960 2286 Mayn
989 2226 1052 2286 sind
1076 2226 1128 2286 die
1146 2226 1186 2286 12

170 2276 480 2336 Nacht=Stationen
509 2273 594 2333 schon
623 2273 803 2333 bestimmt.
826 2273 899 2333 Der
928 2273 1018 2333 Graf
1036 2273 1086 2333 von
1115 2273 1193 2333 Oso=
1222 2268 1284 2328 von
1313 2264 1482 2324 Barwick,
1506 2271 1629 2331 Grand
1652 2273 1856 2333 d'Espagne
1879 2276 1912 2336 ist
1935 2272 2053 2332 gestern
2082 2275 2132 2335 dem
2173 2276 2240 2336 Kö¬

1215 2316 1284 2376 nige
1309 2315 1402 2375 durch
1426 2318 1478 2378 den
1515 2324 1737 2384 Abgesandten
1772 2324 1831 2384 von
1861 2324 2030 2384 Neapolis
2054 2324 2241 2384 vorgestellt

175 2327 277 2387 linski
300 2327 384 2387 hatte
408 2324 441 2384 am
481 2324 549 2384 8ten
578 2323 674 2383 dieses
703 2323 787 2383 seine
805 2323 980 2383 öffentliche
1009 2321 1195 2381 Abschieds¬

1220 2363 1372 2423 worden.
1424 2372 1503 2432 Das
1538 2375 1747 2435 Parlament
1776 2372 1832 2432 von
1867 2375 2059 2435 Dauphine
2088 2372 2144 2432 hat
2173 2372 2240 2432 Ab¬

171 2375 340 2435 Audienz.
386 2372 465 2432 Se.
488 2372 652 2432 Majestät
677 2374 727 2434 der
750 2375 874 2435 Kayser
904 2372 1039 2432 nahmen
1068 2369 1096 2429 in
1125 2369 1192 2429 Be¬

1221 2414 1394 2474 geordnete
1424 2422 1457 2482 an
1499 2421 1550 2481 den
1592 2426 1701 2486 König
1731 2426 1904 2486 geschickt,
1928 2425 1962 2485 um
2009 2423 2060 2483 ihr
2090 2423 2229 2483 strenges

173 2426 311 2486 gleitung
345 2421 394 2481 der
428 2420 634 2480 Erzherzoge
662 2421 790 2481 Joseph
829 2424 890 2484 und
924 2420 1090 2480 Leopold,
1125 2416 1185 2476 und

1221 2463 1406 2523 Verfahren
1441 2472 1533 2532 gegen
1563 2473 1614 2533 den
1644 2474 1748 2534 Herrn
1777 2470 1974 2530 Dumesnil
1998 2471 2026 2531 zu
2061 2471 2240 2531 rechtferti¬

167 2473 221 2533 den
260 2473 331 2533 vier
364 2470 489 2530 altesten
528 2471 818 2531 Erzherzoginnen
846 2473 994 2533 Königl.
1011 2467 1174 2527 Hoheiten

176 2520 230 2580 den
253 2523 346 2583 10ten
374 2518 473 2578 dieses
501 2518 544 2578 die
573 2518 627 2578 vom
661 2518 766 2578 Herrn
789 2521 876 2581 Joh.
893 2521 1020 2581 Thom.
1031 2515 1185 2575 Trattner

1217 2515 1299 2575 gen.
1349 2518 1398 2578 In
1432 2521 1481 2581 der
1503 2523 1757 2583 Versammlung
1791 2524 1840 2584 der
1868 2518 1972 2578 Pairs
2001 2518 2077 2578 über
2100 2521 2143 2581 die
2166 2521 2237 2581 Sa¬

171 2571 332 2631 errichtete
350 2566 633 2626 Buchdruckerey,
651 2569 969 2629 Schriftschneider=
987 2566 1044 2626 und
1068 2563 1189 2623 Gieße=
1219 2564 1271 2624 che
1289 2566 1346 2626 des
1370 2571 1519 2631 Herzogs
1543 2572 1600 2632 von
1630 2572 1861 2632 Fitz=James,
1891 2573 1948 2633 hat
1972 2572 2000 2632 zu
2030 2572 2122 2632 dessen
2157 2569 2237 2629 Vor¬

1219 2616 1303 2676 theil
1320 2620 1372 2680 der
1394 2622 1499 2682 Prinz
1521 2623 1579 2683 von
1606 2621 1711 2681 Conti
1728 2622 1807 2682 über
1839 2621 1908 2681 eine
1929 2620 2071 2680 Stunde
2099 2623 2236 2683 geredt;

175 2619 244 2679 rey,
267 2617 527 2677 Kupferstecher=
544 2616 819 2676 Kupferdrucker=
842 2620 901 2680 und
923 2617 1172 2677 Buchbinderey

170 2666 256 2726 nebst
289 2665 337 2725 den
376 2665 718 2725 Vorrathsgewölben
768 2667 827 2727 mit
865 2670 1061 2730 Bezeigung
1094 2664 1185 2724 ihres

1219 2665 1271 2725 der
1298 2670 1419 2730 Herzog
1452 2672 1510 2732 von
1531 2673 1674 2733 Orleans
1701 2671 1774 2731 aber
1796 2670 1859 2730 und
1887 2668 1933 2728 der
1956 2668 2061 2728 Prinz
2077 2670 2130 2730 von
2157 2669 2241 2729 Con¬

171 2715 442 2775 allergnädigsten
472 2715 738 2775 Wohlgefallens
768 2718 797 2778 in
827 2719 1062 2779 Augenschein.
1110 2714 1186 2774 Der

1222 2715 1254 2775 de
1277 2718 1337 2778 sind
1365 2718 1414 2778 ihm
1454 2719 1486 2779 am
1525 2721 1652 2781 meisten
1680 2721 1829 2781 entgegen
1857 2718 2016 2778 gewesen.
2056 2718 2143 2778 Seit
2166 2718 2237 2778 lan¬

1220 2770 1274 2830 ger
1297 2769 1368 2829 Zeit
1391 2769 1446 2829 hat
1468 2769 1534 2829 man
1569 2770 1618 2830 bey
1640 2769 1723 2829 Hofe
1746 2766 1772 2826 so
1801 2768 1861 2828 viel
1878 2766 2238 2826 Rathsversammlun=

176 2766 323 2826 würklich
359 2766 530 2826 geheimde
560 2766 648 2826 Rath
684 2768 749 2828 und
779 2769 1067 2829 Feldzeugmeister
1098 2763 1185 2823 Herr

171 2816 266 2876 Graf
284 2814 340 2874 von
369 2813 499 2873 Puebla
528 2814 584 2874 hat
608 2815 686 2875 seine
704 2820 936 2880 Vermählung
960 2816 1021 2876 mit
1045 2814 1095 2874 der
1124 2813 1192 2873 ver¬

1220 2820 1274 2880 gen
1302 2820 1380 2880 nicht
1397 2818 1519 2878 gesehen
1547 2820 1591 2880 als
1608 2818 1852 2878 gegenwärtig.
1875 2817 1958 2877 Man
1986 2819 2063 2879 sucht
2080 2817 2163 2877 nicht
2180 2817 2235 2877 nur

167 2867 339 2927 wittweten
373 2862 457 2922 Frau
485 2864 607 2924 Gräfin
635 2864 691 2924 von
725 2867 987 2927 Monte=Santö
1015 2863 1193 2923 vollzogen,

1221 2865 1289 2925 eine
1316 2867 1395 2927 neue
1422 2867 1484 2927 und
1517 2864 1632 2924 bessere
1654 2867 1869 2927 Einrichtung
1896 2864 1948 2924 bey
1981 2864 2033 2924 den
2060 2867 2223 2927 Finanzen

166 2919 231 2979 und
256 2919 309 2979 der
333 2912 476 2972 Königl.
494 2913 708 2973 Französische
733 2918 905 2978 Gesandte
924 2918 1012 2978 Herr
1037 2912 1131 2972 Graf
1150 2915 1179 2975 du

1220 2920 1247 2980 zu
1281 2918 1386 2978 treffen
1414 2918 1475 2978 und
1503 2918 1547 2978 die
1576 2916 1742 2976 Schulden
1776 2918 1826 2978 des
1854 2912 1982 2972 Staats
2016 2915 2238 2975 abzuführen,

172 2967 498 3027 Chatelet=Lomont
530 2966 667 3026 erhielte
693 2967 793 3027 dieser
819 2969 930 3029 Tagen
975 2966 1063 3026 durch
1095 2966 1182 3026 einen
1226 2969 1358 3029 sondern
1396 2969 1527 3029 zugleich
1559 2969 1608 3029 den
1640 2969 1859 3029 Unterthanen
1897 2967 1947 3027 die
1967 2969 2035 3029 Last
2055 2966 2085 3026 zu
2111 2968 2242 3028 erleich¬
