2479 3508
216 321 305 381 aus:
344 321 356 381 "
389 322 452 382 So
492 321 587 381 wahr
620 322 677 382 der
703 324 824 384 heilige
870 321 1151 381 Noribertus
1184 321 1235 381 der

216 369 375 429 „Stifter
398 373 488 433 ihres
512 373 647 433 Ordens
676 373 732 433 ist;
761 374 789 434 so
818 374 908 434 wahr
937 372 988 432 laß
1017 373 1056 433 ich
1090 372 1164 432 mich
1204 372 1237 432 an

213 423 534 483 „Unterthänigkeit
563 423 628 483 und
666 425 780 485 Treue
814 424 873 484 und
907 423 999 483 Liebe
1027 422 1081 482 für
1109 419 1239 479 meinen

214 470 363 530 "König
399 474 456 534 von
492 475 595 535 keinem
642 476 873 536 übertreffen!
903 473 1007 533 Plato
1036 473 1162 533 schätzte
1186 470 1238 530 sich

213 524 412 584 „glücklich,
434 524 493 584 daß
526 524 558 584 er
580 524 606 584 zu
634 524 769 584 gleicher
802 527 871 587 Zeit
893 524 952 584 mit
975 524 1028 584 dem
1072 523 1233 583 Socrates

216 570 346 630 „lebte;
375 572 459 632 mein
488 572 596 632 Glück
619 575 653 635 ist
676 575 818 635 ungleich
847 575 982 635 größer.
1034 572 1095 632 Ein
1136 572 1248 632 gebor¬

217 613 297 673 „ner
325 622 509 682 Unterthan
548 622 644 682 dieses
689 624 927 684 Monarchen,
966 625 1079 685 genieß
1112 623 1155 683 ich
1193 621 1241 681 die

220 669 366 729 „Gnade
396 674 469 734 Ihm
515 676 542 736 zu
572 675 713 735 dienen;
742 673 860 733 Seine
889 673 986 733 große
1015 673 1144 733 Thaten
1173 673 1235 733 sind

213 713 288 773 „der
321 724 539 784 Gegenstand
577 725 702 785 meiner
736 721 882 781 Andacht
910 723 975 783 und
1009 724 1155 784 Wollust

208 759 296 819 „Ein
325 773 582 833 Schriftsteller,
594 774 644 834 der
667 773 694 833 in
723 773 823 833 seiner
846 772 946 832 Feder
969 773 1115 833 weniger
1138 772 1249 832 Stär¬

214 810 273 870 "ke
309 823 368 883 hat
392 823 439 883 als
475 822 605 882 Apelles
647 822 676 882 in
706 822 806 882 seinem
848 822 989 882 Pinsel,
1020 825 1090 885 muß
1121 825 1167 885 sich
1198 821 1232 881 an

219 868 368 928 „meinen
396 873 602 933 Monarchen
624 873 707 933 nicht
719 869 913 929 wagen.”-
974 872 1051 932 Der
1079 875 1156 935 33te
1179 872 1245 932 ent=

223 924 297 984 hält
315 921 517 981 brüderliche
541 924 755 984 Nachrichten
785 924 842 984 aus
872 920 917 980 der
947 925 1247 985 Gefangenschaft,

219 972 278 1032 und
306 969 360 1029 das
393 970 468 1030 74te
496 972 603 1032 Stück
636 973 674 1033 ist
701 974 744 1034 ein
777 971 923 1031 Gedicht
951 973 977 1033 im
1027 975 1156 1035 Namen
1189 975 1237 1035 der

222 1021 437 1081 sämmtlichen
466 1022 791 1082 Kriegesgefangnen
820 1025 852 1085 zu
875 1023 1052 1083 Inspruck,
1063 1025 1157 1085 unter
1174 1025 1223 1085 dem

216 1073 292 1133 5ten
330 1070 379 1130 des
407 1073 645 1133 Weinmonats
679 1073 792 1133 1761.
815 1074 934 1134 datirt,
951 1073 1010 1133 auf
1038 1073 1086 1133 die
1115 1073 1249 1133 Abreise

222 1121 314 1181 Ihro
336 1120 460 1180 Excell.
478 1124 531 1184 der
548 1124 629 1184 Frau
657 1124 1043 1184 General=Lieutenantin
1070 1122 1129 1182 von
1152 1124 1249 1184 Fink,

219 1172 381 1232 gebornen
419 1172 473 1232 von
495 1174 776 1234 Buggenhagen.
803 1172 873 1232 Die
890 1172 970 1232 zwey
998 1172 1100 1232 letzten
1122 1175 1241 1235 Briefe

216 1219 416 1279 beschreiben
454 1220 564 1280 Tyrol
591 1224 649 1284 und
686 1219 860 1279 besonders
893 1219 945 1279 den
982 1219 1103 1279 dasigen
1146 1219 1246 1279 Adel.

222 1273 448 1333 Ohngeachtet
471 1273 719 1333 gegenwärtige
736 1270 868 1330 Anzeige
891 1270 990 1330 wegen
1023 1270 1111 1330 ihrer
1134 1270 1238 1330 Kürze

219 1321 324 1381 weder
347 1321 374 1381 so
397 1324 574 1384 anmuthig
603 1324 674 1384 noch
697 1321 841 1381 satyrisch
875 1323 1025 1383 gerathen
1048 1324 1164 1384 köͤnnen
1187 1321 1247 1381 wie

217 1370 277 1430 wir
311 1375 501 1435 gewünscht
523 1375 657 1435 hätten:
686 1372 713 1432 so
741 1373 824 1433 wird
853 1375 925 1435 dies
959 1375 1154 1435 gleichwohl
1177 1371 1249 1431 hin¬

219 1422 358 1482 länglich
391 1421 494 1481 seyn,
516 1422 629 1482 unsern
668 1423 884 1483 Landsleuten
927 1425 981 1485 den
1014 1425 1122 1485 Herrn
1155 1425 1246 1485 Phi¬

221 1473 311 1533 lippi
322 1473 369 1533 als
391 1473 470 1533 einen
497 1473 682 1533 schatzbaren
709 1473 942 1533 Schriftsteller
958 1473 1016 1533 von
1038 1476 1249 1536 aufgeraum¬

216 1522 262 1582 ten
293 1524 355 1584 und
386 1524 593 1584 grundlichen
624 1521 712 1581 Witz
734 1521 919 1581 empfehlen
950 1524 976 1584 zu
1013 1521 1162 1581 können,
1189 1523 1240 1583 der

223 1572 315 1632 selbst
342 1572 398 1632 bey
430 1575 554 1635 einigen
585 1575 704 1635 kleinen
741 1572 1005 1632 Uebereilungen
1042 1572 1098 1632 und
1135 1570 1253 1630 Leicht¬

228 1622 428 1682 sinnigkeiten
460 1622 507 1682 der
534 1622 654 1682 Kritick
681 1622 728 1682 ein
755 1621 907 1681 redliches
934 1622 991 1682 und
1018 1622 1107 1682 gegen
1140 1622 1244 1682 Welt,

225 1670 452 1730 Wißenschaft
470 1675 530 1735 und
559 1673 714 1733 Religion
743 1673 809 1733 edel
832 1676 993 1736 gesinntes
1010 1673 1093 1733 Herz
1116 1673 1232 1733 äußert

222 1719 282 1779 und
322 1721 415 1781 deßen
449 1724 570 1784 Briefe
604 1724 786 1784 vorzüglich
820 1724 880 1784 auf
903 1724 952 1784 die
981 1724 1080 1784 kleine
1108 1727 1246 1787 Anzahl

225 1769 381 1829 deutscher
404 1772 534 1832 Muster
551 1773 572 1833 in
605 1775 702 1835 dieser
719 1772 925 1832 Schreibart
942 1774 1094 1834 Anspruch
1116 1775 1235 1835 machen

219 1822 368 1882 können.
396 1822 512 1882 Kosten
535 1822 562 1882 in
590 1822 639 1882 der
656 1822 866 1882 Kanterschen
900 1822 1165 1882 Buchhandlung
1193 1821 1248 1881 all=

227 1870 292 1930 hier
317 1870 376 1930 wie
401 1870 467 1930 auch
497 1870 521 1930 in
552 1870 671 1930 Elbing
696 1873 756 1933 und
780 1873 894 1933 Mitau
925 1873 936 1933 2
961 1873 1002 1933 fl.
1021 1873 1051 1933 12
1075 1873 1123 1933 gr.

522 1969 600 2029 St.
623 1969 940 2029 Petersburg.

272 2017 349 2077 Die
374 2014 446 2074 St.
465 2017 798 2077 Petersschule,
828 2021 937 2081 welche
962 2023 1016 2083 der
1035 2023 1100 2083 sehr
1126 2022 1246 2082 beliebt

222 2067 386 2127 gewesene
427 2069 528 2129 selige
563 2070 692 2130 Pastor
733 2073 1010 2133 Zuckmantel
1051 2073 1085 2133 zu
1130 2071 1237 2131 stiften

224 2121 371 2181 ansieng,
399 2121 493 2181 gehet
520 2124 615 2184 unter
637 2124 684 2184 der
711 2121 990 2181 Betriebsamkeit
1012 2124 1059 2184 des
1086 2121 1244 2181 unermü¬

228 2169 310 2229 deten
339 2172 443 2232 Herrn
488 2169 542 2229 D.
571 2172 791 2232 Busching
831 2174 963 2234 bishero
992 2175 1135 2235 glücklich
1163 2172 1240 2232 fort,

224 2218 283 2278 und
322 2222 391 2282 man
425 2221 516 2281 zahlt
544 2223 663 2283 bereits
702 2221 777 2281 über
816 2223 875 2283 100
913 2223 1081 2283 Schüler.
1136 2226 1233 2286 Nach

222 2269 407 2329 gedruckten
450 2272 624 2332 Berichten
667 2270 724 2330 von
768 2270 868 2330 diesen
911 2273 1080 2333 Anstalten
1118 2276 1159 2336 ist
1186 2273 1239 2333 der

232 2314 314 2374 Plan
353 2321 531 2381 ohngefehr
560 2324 581 2384 so
604 2324 770 2384 gemacht,
799 2321 854 2381 daß
882 2321 915 2381 es
949 2322 1015 2382 eine
1044 2324 1243 2384 combinirte

229 2367 361 2427 Real=
397 2370 460 2430 und
495 2372 1034 2432 Humanitaten=Schule
1069 2375 1133 2435 seyn
1174 2375 1243 2435 soll.

229 2417 332 2477 Diese
356 2420 489 2480 Schule
513 2423 570 2483 hat
594 2426 703 2486 billige
727 2424 877 2484 Ursachen
907 2424 1052 2484 gehabt,
1081 2426 1133 2486 den
1162 2426 1248 2486 Ver¬

226 2467 293 2527 lust
318 2464 404 2524 ihres
435 2470 558 2530 grösten
602 2473 866 2533 Wohlthäters,
892 2476 947 2536 des
985 2476 1138 2536 Kayserl.
1164 2473 1243 2533 Hof=

224 2518 289 2578 und
316 2518 679 2578 Kammer=Factors,
707 2524 815 2584 Herrn
859 2524 912 2584 H.
946 2524 1038 2584 Chr.
1065 2525 1243 2585 Stegel¬

229 2569 382 2629 mann,
420 2568 506 2628 eines
543 2569 728 2629 begüterten
770 2571 832 2631 und
873 2575 1095 2635 ansehnlichen
1137 2575 1249 2635 Kauf¬

227 2618 375 2678 manns,
402 2617 454 2677 der
487 2617 613 2677 zwöls
640 2617 815 2677 tausend
852 2623 995 2683 Rubel
1022 2626 1079 2686 auf
1107 2623 1244 2683 dieselbe

228 2669 428 2729 verwandt,
450 2667 645 2727 schmerzlich
688 2667 719 2727 zu
751 2667 926 2727 beklagen.
974 2669 1052 2729 Der
1074 2673 1184 2733 Name
1206 2670 1248 2730 ei¬

224 2721 284 2781 nes
311 2720 431 2780 solchen
464 2718 637 2778 Freundes
671 2717 752 2777 darf
780 2718 867 2778 nicht
900 2716 1057 2776 vergessen
1096 2721 1242 2781 werden.

232 2768 308 2828 Der
331 2771 419 2831 Herr
448 2769 508 2829 D.
536 2767 779 2827 Büsching,
807 2766 857 2826 als
885 2768 1039 2828 Director
1068 2768 1117 2828 der
1140 2769 1250 2829 Schu¬

222 2823 276 2883 le,
304 2823 423 2883 stiftete
445 2820 493 2880 ihm
543 2820 602 2880 also
630 2817 673 2877 ein
701 2817 923 2877 Denkmal
945 2817 1004 2877 auf
1027 2817 1151 2877 einigen
1179 2817 1249 2877 Bo¬

232 2870 308 2930 gen,
331 2872 381 2932 die
415 2870 525 2930 1762.
554 2867 703 2927 hieselbst
732 2867 931 2927 erschienen.
982 2865 1031 2925 Es
1070 2867 1198 2927 enthält
1215 2864 1242 2924 in

233 2920 282 2980 sich
315 2924 433 2984 erstlich
465 2925 515 2985 die
547 2927 659 2987 Rede
691 2924 747 2984 des
772 2924 885 2984 Herrn
917 2924 1066 2984 Doctors
1099 2921 1154 2981 bey
1193 2921 1242 2981 der

1283 325 1521 385 Beerdigung.
1574 319 1590 379 ”
1608 327 1846 387 Ehrerbietige
1864 324 1974 384 Stille
1997 325 2136 385 -fängt
2160 324 2200 384 sie
2218 324 2316 384 an,¬

1288 372 1442 432 "umgebe
1470 374 1569 434 diesen
1609 377 1735 437 Sarg,
1774 380 1835 440 und
1869 376 1923 436 der
1957 376 2073 436 Glanz
2101 373 2156 433 der
2184 372 2305 432 Gnade

1285 420 1445 480 „GOttes
1473 425 1651 485 umleuchte
1674 428 1756 488 ihn.
1807 428 1878 488 Die
1901 428 2090 488 Wahrheit
2113 424 2184 484 rede
2213 422 2301 482 durch

1285 471 1434 531 "meinen
1467 476 1583 536 Mund
1611 473 1693 533 ohne
1721 479 1997 539 Schmeicheley,
2025 477 2102 537 aber
2125 474 2190 534 auch
2224 470 2306 530 ohne

1279 522 1453 582 "Scheu,
1481 527 1539 587 und
1573 524 1627 584 der
1649 525 1774 585 Freund
1812 528 1970 588 derselben
2003 529 2106 589 winke
2128 527 2182 587 ihr
2205 522 2301 582 seinen

1285 571 1452 631 „Beyfall
1470 575 1505 635 zu
1540 572 1551 632 —
1627 572 1678 632 Es
1709 575 1749 635 ist
1767 578 1963 638 geschehen,
1987 579 2039 639 ja,
2063 578 2184 638 leider!
2214 574 2242 634 es
2272 573 2311 633 ist

1281 625 1500 685 "geschehen,
1535 622 1608 682 was
1642 620 1704 680 wir
1733 624 1817 684 schon
1857 625 1913 685 seit
1948 627 2049 687 vielen
2089 627 2195 687 Tagen
2241 624 2308 684 mit

1282 676 1519 736 „Bangigkeit
1542 673 1696 733 erwartet
1713 673 1835 733 haben.
1885 677 2150 737 Stegelmann,
2178 677 2310 737 (preis¬

1282 724 1477 784 „würdiger
1504 724 1677 784 Name!)
1705 724 1964 784 Stegelmann,
1992 726 2045 786 der
2068 727 2305 787 rechtschaffene

1282 774 1454 834 „Mann,
1482 775 1530 835 der
1558 772 1671 832 wahre
1694 775 1996 835 Menschenfreund
2029 775 2088 835 hat
2117 777 2175 837 uns
2208 775 2310 835 verla¬

1290 822 1392 882 "ßen,
1417 827 1452 887 u.
1471 823 1501 883 s.
1520 822 1580 882 w."

1646 822 1722 882 Der
1751 825 1883 885 Anfang
1917 822 2016 882 dieser
2050 822 2138 882 Rede
2172 825 2232 885 hat
2255 825 2293 885 ein

1286 873 1380 933 stilles
1419 873 1625 933 Rührende,
1664 873 1724 933 und
1747 873 1774 933 in
1809 873 1908 933 diesem
1959 870 2081 930 sanften
2115 870 2192 930 Fluß
2220 873 2314 933 fährt

1283 924 1317 984 sie
1341 924 1428 984 ohne
1452 925 1626 985 Künsteley
1656 924 1737 984 fort,
1761 924 1859 984 jedoch
1889 921 1970 981 nicht
1994 922 2075 982 ohne
2099 918 2209 978 Affect.
2239 923 2308 983 Sie

1283 975 1410 1035 erzählt
1428 976 1473 1036 den
1503 975 1705 1035 Lebenslauf
1729 975 1774 1035 des
1799 972 2047 1032 Wohlseligen,
2059 971 2129 1031 haͤlt
2147 969 2192 1029 sich
2222 972 2313 1032 ziem¬

1285 1025 1339 1085 lich
1367 1025 1577 1085 umständlich
1605 1025 1655 1085 bey
1683 1025 1738 1085 der
1766 1022 1882 1082 Probe
1904 1022 2009 1082 seiner
2032 1019 2308 1079 Mildthätigkeit

1282 1076 1363 1136 auf,
1385 1076 1449 1136 und
1483 1078 1612 1138 schließt
1629 1075 1688 1135 mit
1715 1073 1764 1133 der
1797 1073 2023 1133 Schilderung
2057 1072 2142 1132 eines
2176 1070 2310 1130 christli¬

1282 1127 1374 1187 lichen
1407 1124 1536 1184 Endes.
1586 1125 1655 1185 Wo
1683 1126 1758 1186 man
1786 1126 1834 1186 hin
1867 1127 1926 1187 und
1954 1124 2007 1184 her
2035 1121 2142 1181 einige
2165 1118 2310 1178 Nachlä¬

1283 1175 1437 1235 ßigkeiten
1471 1173 1498 1233 im
1543 1172 1715 1232 Ausdruck
1743 1175 1848 1235 finden
1882 1172 2031 1232 möchte,
2054 1172 2092 1232 da
2121 1171 2314 1231 entschuldi¬

1282 1223 1334 1283 get
1361 1222 1392 1282 es
1430 1219 1477 1279 die
1504 1219 1726 1279 Wehmuth,
1748 1222 1806 1282 von
1844 1222 1896 1282 der
1929 1222 1986 1282 das
2024 1220 2114 1280 Herz
2141 1219 2214 1279 voll
2236 1218 2304 1278 seyn

1284 1270 1415 1330 mußte.
1437 1272 1489 1332 Es
1511 1270 1600 1330 redet
1627 1271 1705 1331 sonst
1727 1273 1838 1333 darinn
1870 1272 1949 1332 seine
1976 1271 2170 1331 aufrichtige
2192 1268 2313 1328 Spra¬

1286 1322 1351 1382 che.
1400 1323 1472 1383 Auf
1497 1322 1581 1382 diese
1606 1324 1695 1384 Rede
1726 1323 1817 1383 folgt
1836 1324 1877 1384 ein
1908 1324 2209 1384 Klaggesang,
2246 1321 2306 1381 wie

1283 1373 1333 1433 ihn
1368 1375 1418 1435 der
1441 1376 1525 1436 Herr
1548 1375 1599 1435 D.
1622 1375 1791 1435 Büsching
1814 1378 1938 1438 nennen
1978 1377 2118 1437 wollen,
2147 1375 2203 1435 von
2238 1372 2288 1432 dem

1281 1425 1391 1485 Herrn
1422 1425 1668 1485 Inspector
1701 1428 1749 1488 I.
1775 1428 1829 1488 B.
1855 1430 1910 1490 H.
1935 1428 2120 1488 Goebel.
2170 1427 2218 1487 Es
2256 1424 2311 1484 soll

1283 1474 1338 1534 also
1372 1476 1444 1536 eine
1472 1478 1533 1538 Art
1561 1476 1622 1536 von
1656 1476 1851 1536 prosaischer
1880 1479 1952 1539 Ode
1975 1479 2063 1539 seyn.
2114 1479 2191 1539 Sie
2214 1476 2308 1536 fångt

1288 1521 1354 1581 an:
1381 1518 1390 1578 "
1412 1520 1520 1580 Welch
1551 1524 1592 1584 ein
1624 1524 1913 1584 ungewöhnlicher
1939 1527 2068 1587 Anblick
2095 1527 2120 1587 in
2146 1527 2218 1587 jene
2239 1524 2316 1584 Fer¬

1282 1568 1379 1628 „ne!
1407 1572 1493 1632 Was
1521 1572 1585 1632 sehe
1607 1572 1688 1632 ich?
1727 1572 1802 1632 Die
1824 1575 2024 1635 mittägliche
2046 1578 2187 1638 Sonne,
2198 1575 2306 1635 welche

1285 1606 1343 1666 „so
1371 1622 1489 1682 kostbar
1517 1622 1663 1682 glanzte,
1685 1622 1819 1682 verliert
1842 1622 1911 1682 sich.
1960 1622 2025 1682 Ein
2053 1622 2209 1682 dunkeles
2242 1619 2311 1679 Ge¬

1288 1668 1409 1728 „wölke
1437 1676 1558 1736 kömmt
1570 1673 1613 1733 rc.
1642 1676 1663 1736 ja
1692 1675 1719 1735 es
1747 1673 1923 1733 verbreitet
1946 1673 1990 1733 sich
2018 1676 2095 1736 über
2118 1673 2167 1733 dem
2211 1670 2305 1730 Sitze

1303 1723 1396 1783 'eines
1424 1725 1585 1785 kostbaren
1619 1727 1790 1787 Lieblings
1819 1727 1873 1787 des
1896 1729 2090 1789 Himmels.
2141 1726 2190 1786 Es
2219 1724 2312 1784 trotzt

1287 1767 1365 1827 "dem
1411 1776 1569 1836 tobenden
1598 1778 1791 1838 Gewitter,
1820 1778 1996 1838 schrecklich
2031 1778 2093 1838 mit
2133 1776 2183 1836 sich
2218 1775 2308 1835 selbst

1285 1821 1462 1881 „wütend.
1512 1824 1584 1884 Und
1613 1822 1684 1882 itzt!
1712 1822 1729 1882 —
1812 1825 1906 1885 Mich
1940 1825 2095 1885 überfallt
2123 1825 2173 1885 der
2196 1825 2311 1885 heftig¬

1284 1858 1347 1918 „ste
1374 1870 1555 1930 Schauer!
1582 1873 1629 1933 Es
1656 1873 1751 1933 eilet,
1779 1873 1836 1933 mit
1858 1876 2022 1936 dumpfigt
2044 1876 2224 1936 drohenden
2252 1873 2315 1933 Ge¬

1285 1911 1371 1971 "töse
1393 1921 1555 1981 gepaart,
1583 1924 1686 1984 meine
1713 1927 1870 1987 Scheitel
1893 1924 1924 1984 zu
1957 1924 2103 1984 bedecken
2137 1917 2152 1977 —

2232 1924 2298 1984 Jch

1280 1970 1412 2030 "sinke!
1440 1974 1501 2034 Ein
1529 1977 1651 2037 banges
1680 1978 1801 2038 Zittern
1829 1977 2007 2037 durchbebt
2030 1975 2129 2035 meine
2157 1975 2312 2035 Glieder,

1292 2014 1296 2074 „
1314 2023 1374 2083 und
1408 2025 1479 2085 halb
1513 2025 1701 2085 entgeistert
1724 2028 1801 2088 kann
1835 2028 1880 2088 ich
1908 2028 1979 2088 mich
2018 2028 2079 2088 nur
2108 2028 2179 2088 noch
2219 2023 2307 2083 selbst

1289 2071 1441 2131 "fühlen.
1494 2073 1573 2133 Wie
1602 2076 1642 2136 ist
1676 2076 1772 2136 mir?
1808 2077 1989 2137 Sammelt
2013 2078 2103 2138 euch,
2115 2078 2166 2138 ihr
2190 2076 2308 2136 Kräfte

1284 2124 1433 2184 "meines
1464 2124 1634 2184 Geistes!
1681 2125 1742 2185 und
1779 2124 1871 2184 wagt
1897 2124 1927 2184 es
1959 2126 2025 2186 mit
2046 2130 2293 2190 ohnmächtigen

1282 2173 1444 2233 »Flugeln
1471 2175 1569 2235 diesen
1597 2175 1704 2235 Nebel
1721 2178 1753 2238 zu
1781 2175 2014 2235 durchdringen
2036 2176 2096 2236 und
2124 2177 2210 2237 jenes
2238 2178 2307 2238 Ge¬

1281 2223 1390 2283 „stade
1411 2223 1442 2283 zu
1474 2226 1625 2286 erreichen

1869 2226 1947 2286 Wir
1979 2224 2088 2284 wollen
2131 2226 2192 2286 uns
2230 2226 2313 2286 sam¬

1282 2273 1395 2333 meln;
1422 2277 1454 2337 es
1476 2276 1514 2336 ist
1531 2276 1622 2336 Zeit.
1666 2276 1752 2336 Hier
1774 2277 1812 2337 ist
1829 2276 2017 2336 Gewitter,
2034 2273 2142 2333 Nebel
2164 2273 2223 2333 und
2256 2276 2293 2336 ein

1284 2327 1534 2387 ohnmachtiger
1556 2327 1654 2387 Flug.
1703 2312 1719 2372 ”
1741 2321 1866 2381 Ganze
1889 2327 1992 2387 Heere
2019 2324 2073 2384 von
2106 2322 2236 2382 Wolken
2264 2324 2318 2384 be¬

1288 2375 1489 2435 "taubender
1511 2375 1722 2435 Nachrichten
1750 2375 1793 2435 seh
1816 2380 1858 2440 ich
1881 2378 1940 2438 von
1968 2375 2054 2435 jenen
2076 2374 2298 2434 Wohnungen

1289 2426 1509 2486 "aufsteigen.
1565 2423 1675 2483 Angst
1703 2428 1769 2488 und
1808 2426 2073 2486 Verwilderung
2118 2423 2211 2483 öfnen
2250 2425 2299 2485 die

1289 2474 1450 2534 "Thuren

1593 2470 1681 2530 Man
1709 2476 1804 2536 denkt
1832 2478 1870 2538 ein
1910 2473 2077 2533 Erdbeben
2116 2473 2143 2533 zu
2171 2474 2310 2534 verneh¬

1285 2524 1378 2584 men.
1428 2518 1444 2578 "
1473 2518 1561 2578 Wer
1589 2523 1627 2583 ist
1650 2527 1699 2587 der
1727 2527 1965 2587 Entkraftete?
1987 2512 2009 2572 ”
2065 2523 2147 2583 Daß
2181 2527 2241 2587 wir
2264 2529 2297 2589 es

1290 2576 1357 2636 kurz
1381 2574 1500 2634 sagen:
1523 2573 1557 2633 es
1592 2575 1631 2635 ist
1655 2577 1746 2637 Herr
1775 2576 2031 2636 Stegelmann.
2083 2576 2173 2636 Man
2203 2581 2310 2641 mahlt

1795 2623 1875 2683 Jetzt
1894 2629 2004 2689 segnet
2022 2626 2050 2686 er
2074 2631 2155 2691 seine
2173 2632 2301 2692 Kinder

1297 2629 1345 2689 sein
1377 2623 1559 2683 Siechbett
1581 2623 1634 2683 ab.

1296 2675 1406 2735 "unter
1429 2673 1478 2733 der
1501 2673 1645 2733 seligsten
1679 2678 1918 2738 Entgeistung,
1946 2676 2006 2736 und
2040 2678 2101 2738 sein
2135 2682 2223 2742 Ange
2241 2680 2312 2740 ver¬

1295 2723 1399 2783 "gießt
1422 2724 1472 2784 bey
1500 2721 1600 2781 dieser
1617 2727 1827 2787 Umarmung
1855 2726 1927 2786 noch
1956 2727 2021 2787 eine
2045 2730 2233 2790 Thrahne,
2255 2730 2305 2790 die

1288 2772 1395 2832 "seine
1417 2772 1498 2832 letzte
1520 2772 1607 2832 Zuge
1629 2774 1661 2834 zu
1699 2775 1785 2835 einem
1829 2775 2023 2835 geheiligten
2056 2781 2251 2841 Denkmaal
2268 2778 2294 2838 in

1310 2822 1404 2882 Herz
1429 2822 1487 2882 und
1517 2823 1623 2883 Brust
1642 2823 1783 2883 achtzet"
1825 2821 1836 2881 —

1906 2824 1977 2884 Der
2005 2831 2175 2891 Crocodill
2198 2827 2302 2887 weint

1289 2873 1449 2933 vielleicht
1471 2870 1747 2930 Scheidewaßer.

1816 2877 1959 2937 Man
1992 2881 2098 2941 würde
2125 2877 2215 2937 diesen
2248 2876 2311 2936 lär=

1284 2925 1413 2985 menden
1445 2927 1574 2987 Anfang
1605 2930 1833 2990 überstehen,
1858 2933 1944 2993 wenn
1976 2936 2086 2996 wahre
2112 2927 2308 2987 Schönhei=
