2479 3508
1173 1342 1274 1402 Weil
1301 1345 1351 1405 der
1377 1345 1556 1405 Charakter
1583 1343 1633 1403 der
1660 1342 1916 1402 Personen,
1936 1345 2140 1405 unsichtbare

1124 1389 1190 1449 und
1218 1393 1367 1453 sichtbare
1385 1390 1557 1450 Eclipsen,
1574 1391 1884 1451 merkwürdig,
1901 1393 1973 1453 oder
1995 1396 2062 1456 auch
2096 1399 2139 1459 die

1129 1440 1328 1500 Seltenheit
1351 1440 1401 1500 der
1424 1440 1611 1500 Zufälle,
1629 1440 1753 1500 Spiele
1777 1437 1827 1497 der
1850 1440 1969 1500 Natur
1998 1443 2060 1503 und
2083 1445 2133 1505 des

1127 1491 1251 1551 Glücks
1281 1491 1599 1551 unterhaltend
1624 1490 1747 1550 macht;
1777 1486 1800 1546 so
1825 1488 1936 1548 würde
1961 1491 1989 1551 es
2020 1493 2125 1553 nöthig

1131 1545 1286 1605 scheinen,
1299 1545 1345 1605 den
1374 1544 1559 1604 populairen
1583 1542 1756 1602 Maasstab
1780 1537 1832 1597 von
1856 1536 1901 1596 der
1931 1540 2139 1600 Wichtigkeit

1127 1595 1180 1655 der
1204 1596 1471 1656 Begebenheiten
1507 1593 1596 1653 durch
1632 1593 1673 1653 ein
1709 1590 1982 1650 philosophisches
2013 1593 2142 1653 Augen¬

1126 1645 1220 1705 maaß
1248 1646 1275 1706 zu
1303 1646 1502 1706 verbessern:
1525 1643 1613 1703 Doch
1631 1643 1785 1703 vielleicht
1802 1640 1918 1700 beruht
1935 1640 1985 1700 die
2007 1642 2134 1702 Starke

1127 1694 1178 1754 der
1202 1697 1388 1757 Geschichte
1406 1694 1475 1754 eben
1504 1694 1561 1754 auf
1580 1694 1678 1754 dieser
1702 1691 2026 1751 Unbeträchtlichkeit
2044 1693 2131 1753 ihres

1130 1744 1309 1804 Urstoffes,
1339 1745 1396 1805 und
1431 1745 1477 1805 die
1507 1742 1599 1802 Ehre
1623 1742 1704 1802 eines
1733 1742 1976 1802 schöpferischen
2006 1739 2133 1799 Geistes

1126 1793 1186 1853 auf
1203 1793 1258 1853 der
1281 1794 1556 1854 Schwierigkeit,
1579 1793 1623 1853 ein
1652 1790 1767 1850 wüstes
1795 1790 1905 1850 Chaos
1928 1790 2027 1850 leerer
2044 1791 2137 1851 Son¬

1118 1890 1186 1950 und
1208 1891 1404 1951 fruchtbarer
1426 1888 1660 1948 Wirksamkeit
1681 1888 1899 1948 auszubrüten

1170 1936 1243 1996 Die
1272 1942 1464 2002 künstlichste
1493 1939 1811 1999 Zusammensetzung
1840 1939 1890 1999 der
1908 1939 2021 1999 Räder
2044 1939 2066 1999 in
2095 1939 2139 1999 ei¬

1114 1987 1170 2047 ner
1199 1986 1266 2046 Uhr
1290 1987 1403 2047 bringt
1426 1987 1517 2047 keine
1540 1987 1761 2047 Bewegung,
1785 1987 1870 2047 ohne
1899 1987 1944 2047 die
1967 1987 2131 2047 Schwere

1118 2037 1205 2097 eines
1232 2031 1402 2091 Gewichts
1424 2034 1480 2094 und
1501 2031 1552 2091 den
1574 2034 1781 2094 Widerstand
1807 2032 1890 2092 einer
1911 2037 2128 2097 Spannfeder

1126 2083 1267 2143 hervor;
1290 2080 1368 2140 weil
1397 2079 1476 2139 ohne
1510 2079 1673 2139 Schwere
1702 2080 1786 2140 keine
1815 2080 2034 2140 Bewegung,
2063 2085 2125 2145 und

1113 2133 1196 2193 ohne
1213 2130 1296 2190 einen
1324 2127 1552 2187 Widerstand,
1570 2128 1620 2188 der
1643 2127 1725 2187 zwar
1748 2127 1864 2187 immer
1894 2132 2138 2192 überwunden,

1113 2184 1190 2244 aber
1213 2179 1352 2239 niemals
1381 2181 1553 2241 vernichtet
1576 2181 1697 2241 werden
1726 2181 1820 2241 muß,
1843 2181 1904 2241 kein
1938 2184 2138 2244 Mechanis¬

1126 2229 1197 2289 mus
1228 2229 1355 2289 möglich
1386 2229 1439 2289 ist.
1483 2230 1609 2290 Dieses
1646 2231 1828 2291 Gewicht,
1853 2231 1949 2291 dieser
1979 2234 2130 2294 elastische

1114 2276 1259 2336 Zwang,
1277 2277 1357 2337 diese
1381 2282 1485 2342 Seele
1498 2282 1549 2342 der
1573 2282 1841 2342 Begebenheiten
1871 2279 1934 2339 sind
1958 2284 2131 2344 Meynun¬

1119 2327 1201 2387 gen;
1229 2326 1289 2386 und
1334 2330 1367 2390 es
1406 2330 1522 2390 gehört
1561 2333 1615 2393 zum
1666 2333 1870 2393 eigentlichen
1909 2333 2024 2393 Beruf
2053 2336 2124 2396 aller

1118 2375 1379 2435 Schriftsteller,
1385 2383 1565 2443 (worunter
1584 2381 1642 2441 wir
1660 2384 1974 2444 Zeitungsschreiber
1998 2381 2038 2441 die
2062 2383 2136 2443 erste

1114 2426 1175 2486 und
1199 2426 1283 2486 letzte
1301 2429 1409 2489 Stelle
1432 2432 1625 2492 verdienen)
1643 2432 1859 2492 Meynungen
1888 2432 1916 2492 zu
1945 2434 2120 2494 behaupten

1120 2475 1178 2535 und
1214 2482 1435 2542 Meynungen
1471 2482 1499 2542 zu
1529 2482 1721 2542 widerlegen

1164 2526 1250 2586 Euch
1279 2532 1522 2592 Cyclopen!
1557 2530 1614 2590 bot
1632 2530 1684 2590 der
1708 2530 1863 2590 hinkende
1887 2532 2054 2592 Vulcan
2090 2536 2118 2596 zu

1114 2579 1285 2639 Gehülfen
1316 2582 1410 2642 seiner
1434 2581 1658 2641 Meisterhand
1683 2581 1753 2641 auf,
1766 2581 1848 2641 einer
1866 2583 2067 2643 Meergöttin
2091 2584 2120 2644 zu

1113 2629 1224 2689 dienen
1249 2632 1307 2692 und
1331 2632 1378 2692 den
1402 2631 1549 2691 Schild
1573 2629 1626 2689 des
1650 2629 1797 2689 Achills
1821 2629 1856 2689 zu
1874 2632 2062 2692 schmieden,
2075 2634 2121 2694 der

1112 2679 1196 2739 nicht
1219 2682 1247 2742 so
1270 2679 1519 2739 ebentheuerlich
1548 2678 1684 2738 gewesen
1713 2676 1775 2736 seyn
1798 2676 1888 2736 mag,
1900 2679 1945 2739 als
1963 2679 2058 2739 dieser
2082 2682 2126 2742 ro¬

1112 2727 1146 2787 he
1164 2730 1320 2790 Entwurf
1344 2729 1425 2789 einer
1450 2727 1507 2787 gar
1525 2727 1548 2787 zu
1577 2727 1786 2787 spitzfindigen
1810 2727 1949 2787 Theorie
1973 2730 2048 2790 über
2066 2730 2118 2790 das

1106 2780 1271 2840 politische
1306 2779 1367 2839 und
1408 2778 1550 2838 gelehrte
1579 2775 1847 2835 Zeitungswesen
1882 2778 2030 2838 gerathen
2070 2778 2126 2838 ist;

1116 2831 1194 2891 denn
1227 2831 1284 2891 wer
1311 2829 1363 2889 von
1396 2829 1458 2889 uns
1485 2826 1559 2886 wird
1586 2829 1612 2889 zu
1644 2826 1738 2886 diesem
1781 2826 1960 2886 idealischen
1993 2829 2129 2889 Gemäl¬

1111 2879 1144 2939 de
1167 2879 1222 2939 von
1251 2879 1519 2939 Begebenheiten
1553 2876 1608 2936 und
1637 2876 1883 2936 Meynungen,
1900 2875 1922 2935 in
1956 2876 2039 2936 ihren
2068 2879 2134 2939 Ab¬

1113 2930 1346 2990 wechselungen
1377 2930 1432 2990 und
1464 2927 1722 2987 Beziehungen,
1735 2930 1784 2990 den
1810 2926 2006 2986 Grundstein
2037 2927 2123 2987 einer

497 1267 587 1327 1tes
633 1270 805 1330 Stück.
870 1273 1088 1333 Freytag,
1126 1270 1188 1330 den
1235 1276 1279 1336 3.
1318 1276 1508 1336 Februar
1545 1274 1699 1334 1764.

418 1342 734 1402 Königsberg.

156 1385 217 1445 Jo
241 1389 286 1449 sag
315 1389 359 1449 ers
388 1387 410 1447 ja
439 1388 490 1448 den
519 1389 643 1449 Klugen
672 1387 779 1447 nicht,

131 1431 345 1491 Denn
366 1440 449 1500 sonst
464 1441 601 1501 errathen
630 1440 677 1500 sie,
686 1443 788 1503 woran
810 1443 837 1503 es
859 1443 906 1503 ihm
941 1443 1093 1503 gebricht,

79 1491 171 1551 "Und
197 1497 308 1557 heißen
340 1494 389 1554 ihn
427 1494 476 1554 die
502 1494 687 1554 Zeitung
719 1494 817 1554 lesen.

125 1548 305 1608 Vielleicht
336 1545 414 1605 fällt
445 1545 498 1605 bey
541 1548 801 1608 gegenwärtiger
838 1548 1085 1608 Ankündigung

72 1602 201 1662 einigen
247 1599 354 1659 Lesern
406 1597 501 1657 dieser
547 1596 704 1656 Beschluß
750 1596 812 1656 von
858 1596 908 1656 der
948 1599 1094 1659 Gellert¬

73 1652 159 1712 schen
194 1649 385 1709 Erzählung
427 1647 484 1707 des
519 1646 640 1706 jungen
675 1646 854 1706 Gelehrten
901 1646 964 1706 ein.
1017 1648 1091 1708 Die

72 1703 247 1763 Zeitungen
282 1698 418 1758 möchten
447 1697 640 1757 gleichwohl
658 1697 720 1757 mit
743 1697 794 1757 den
823 1697 964 1757 gelobten
993 1694 1089 1754 Wer¬

65 1749 118 1809 ken
151 1751 203 1811 der
236 1751 315 1811 alten
353 1748 417 1808 und
455 1745 598 1805 neuesten
631 1745 818 1805 Homere
850 1748 892 1808 ein
920 1745 1084 1805 ähnliches

74 1801 246 1861 Schicksal
269 1799 402 1859 haben;
431 1796 514 1856 weil
537 1796 592 1856 zum
643 1793 882 1853 hinlänglichen
911 1796 1094 1856 Verstande

68 1849 250 1909 derjenigen
273 1845 506 1905 Nachrichten,
523 1840 639 1900 womit
656 1842 711 1902 das
734 1840 900 1900 Publicum
934 1843 1088 1903 wöchent=
1128 1840 1360 1900 nenstäubchen
1389 1843 1416 1903 zu
1444 1842 1532 1902 einer
1555 1840 1648 1900 Welt
1666 1840 1731 1900 voll
1749 1839 1926 1899 Ordnung,
1949 1840 2142 1900 Schönheit

71 1898 120 1958 lich
149 1899 348 1959 abgespeiset
365 1891 465 1951 wird,
482 1888 676 1948 wenigstens
699 1888 759 1948 eine
776 1890 965 1950 allgemeine
987 1894 1092 1954 Char¬

67 1945 95 2005 te
119 1946 317 2006 mancherley
347 1936 568 1996 historischer,
593 1936 773 1996 physischer
803 1939 867 1999 und
896 1942 1088 2002 technischer

73 1994 293 2054 Kenntniße,
318 1990 343 2050 ja
375 1986 475 2046 öfters
507 1984 575 2044 eine
595 1984 720 2044 genaue
746 1984 890 2044 Einsicht
916 1990 1091 2050 ausländi¬

63 2043 150 2103 scher
180 2037 296 2097 Sitten
338 2034 396 2094 und
431 2032 630 2092 Gebräuche
660 2034 781 2094 voraus
811 2034 922 2094 gesetzt
952 2037 1074 2097 werden

67 2087 163 2147 muß.
209 2085 323 2145 Wenn
358 2085 477 2145 dahero
512 2082 557 2142 die
581 2085 820 2145 Unwißenheit
850 2085 998 2145 heutiges
1027 2087 1089 2147 Ta¬

64 2140 121 2200 ges
145 2139 227 2199 nicht
245 2136 390 2196 beliebter
409 2136 454 2196 als
478 2136 525 2196 die
543 2136 787 2196 Aufrichtigkeit
806 2133 916 2193 ware:
928 2136 952 2196 so
970 2136 1080 2196 würde

68 2190 140 2250 auch
168 2189 218 2249 bey
246 2189 297 2249 den
325 2189 447 2249 meisten
476 2187 581 2247 Lesern
610 2187 665 2247 der
689 2187 866 2247 Zeitungen
901 2187 950 2247 die
979 2187 1078 2247 Frage

66 2240 156 2300 nicht
185 2237 366 2297 überflüßig
395 2237 485 2297 seyn,
514 2235 626 2295 welche
650 2236 694 2296 sich
723 2235 774 2295 der
797 2234 989 2294 Cämmerer
1018 2234 1074 2294 und

73 2291 322 2351 Schatzmeister
344 2288 398 2348 aus
414 2285 610 2345 Aethiopien
637 2286 691 2346 von
724 2285 805 2345 jenem
849 2282 1075 2342 Unbekannten

68 2339 200 2399 gesallen
231 2339 309 2399 ließ,
328 2338 382 2398 der
407 2337 430 2397 zu
461 2339 509 2399 ihm
552 2339 684 2399 sprach:
703 2336 914 2396 "Verstehest
933 2333 963 2393 du
994 2333 1084 2393 auch,

71 2390 144 2450 was
175 2390 205 2450 du
236 2387 358 2447 liesest?
383 2367 401 2427 ”

125 2435 214 2495 Brod
259 2437 316 2497 und
362 2435 566 2495 Circensische
605 2435 732 2495 Spiele
771 2434 873 2494 waren
912 2426 1078 2486 bewährte

63 2488 290 2548 Hülfsmittel
313 2485 358 2545 der
381 2485 551 2545 xömischen
580 2485 824 2545 Staatskunst:
847 2480 914 2540 aber
938 2476 1005 2536 auch
1029 2475 1079 2535 der

63 2533 170 2593 Alte
194 2536 244 2596 der
267 2536 381 2596 Tage
410 2533 528 2593 regiert
551 2531 608 2591 sein
637 2533 789 2593 Erbtheil
813 2530 903 2590 dieser
927 2524 1084 2584 bewohn¬

58 2578 107 2638 ten
136 2582 219 2642 Erde
248 2587 336 2647 durch
371 2582 668 2642 Begebenheiten,
691 2584 808 2644 welche
836 2584 886 2644 die
909 2575 1070 2635 sinnlichen

66 2629 201 2689 Kräfte,
213 2632 273 2692 und
295 2635 382 2695 durch
405 2632 634 2692 Meinungen,
645 2632 754 2692 welche
777 2632 825 2692 das
853 2626 1082 2686 Erfindungs¬

71 2677 131 2737 und
171 2682 620 2742 Beurtheilungsvermögen
665 2680 715 2740 des
755 2679 971 2739 menschlichen
1010 2674 1082 2734 Ge¬

70 2730 213 2790 schlechts
238 2733 468 2793 beschäftigen.
487 2730 842 2790 Begebenheiten
880 2726 939 2786 und
964 2724 1078 2784 Mey.

58 2780 237 2840 nungen
273 2779 336 2839 sind
372 2781 429 2841 also
464 2781 551 2841 nicht
581 2779 638 2839 nur
668 2781 713 2841 die
743 2777 1073 2837 Hauptgegenständ¬

63 2832 197 2892 unserer
220 2829 397 2889 Erkentniß
426 2832 486 2892 und
510 2829 738 2889 Neugierde;
772 2830 900 2890 sondern
940 2824 1073 2884 zugleich

60 2882 264 2942 Zeichen,
285 2882 380 2942 durch
408 2882 517 2942 welche
538 2882 592 2942 sich
613 2879 668 2939 der
696 2882 798 2942 Zeiten
832 2876 1002 2936 Creislauf
1023 2876 1057 2936 un

70 2930 268 2990 terscheidet,
