2479 3508
564 1236 654 1296 3tes
704 1236 868 1296 Stück.
926 1241 1141 1301 Freytag,
1183 1235 1240 1295 den
1298 1240 1380 1300 10.
1415 1240 1619 1300 Februar.
1653 1237 1801 1297 1764.

1206 1309 1443 1369 gewöhnlichen
1464 1309 1638 1369 Fuhrwerk
1660 1309 1715 1369 zum
1750 1309 1917 1369 Vorspann
1946 1309 2078 1369 dienen.
2093 1309 2217 1369 Milch,

1203 1351 1324 1411 Butter
1350 1353 1410 1413 und
1431 1351 1537 1411 Honig
1564 1354 1598 1414 ist
1619 1354 1675 1414 sein
1706 1354 1843 1414 einziger
1864 1352 2051 1412 Unterhalt.
2083 1356 2123 1416 An
2149 1357 2199 1417 den

1204 1396 1298 1456 hohen
1329 1399 1488 1459 Festtagen
1524 1399 1649 1459 erlaubt
1673 1399 1702 1459 er
1732 1399 1785 1459 sich
1815 1399 1987 1459 gleichwol
2006 1402 2064 1462 das
2089 1404 2200 1464 Fleisch

1207 1442 1299 1502 seiner
1329 1446 1456 1506 Heerde
1497 1446 1531 1506 zu
1567 1446 1694 1506 kosten,
1718 1446 1851 1506 welches
1880 1446 1914 1506 er
1944 1446 1973 1506 in
2008 1451 2118 1511 Honig
2153 1452 2216 1512 sot¬

1199 1492 1263 1552 tet,
1276 1494 1334 1554 und
1365 1497 1464 1557 nichts
1494 1497 1542 1557 als
1566 1497 1612 1557 die
1637 1495 1730 1555 rechte
1755 1494 1914 1554 Schulter
1938 1496 1997 1556 und
2027 1498 2138 1558 Brust
2157 1502 2209 1562 da¬

1203 1545 1261 1605 von
1289 1548 1451 1608 genießet,
1473 1551 1532 1611 das
1565 1550 1678 1610 übrige
1700 1545 1770 1605 aber
1798 1544 1959 1604 entweder
1988 1545 2208 1605 verschenken,

1198 1596 1267 1656 oder
1292 1598 1362 1658 nach
1391 1599 1402 1659 3
1426 1599 1531 1659 Tagen
1561 1599 1590 1659 zu
1620 1600 1713 1660 Asche
1737 1596 1936 1656 verbrennen
1960 1596 2030 1656 soll.
2078 1595 2205 1655 Dieser

1198 1646 1327 1706 irrende
1351 1649 1464 1709 Ritter
1481 1649 1583 1709 nennt
1606 1649 1668 1709 und
1691 1646 1821 1706 schreibt
1845 1646 1896 1706 sich
1925 1648 1986 1708 mit
2009 1646 2094 1706 einer
2118 1646 2179 1706 ziem

1198 1695 1251 1755 lich
1281 1698 1452 1758 leserlichen
1494 1697 1624 1757 Hand:
1655 1697 1714 1757 Jan
1744 1694 1968 1754 Pawlikowicz
1993 1694 2211 1754 ZDomozyr-

1204 1744 1278 1804 skich
1314 1745 1561 1805 Komarnicki,
1585 1748 1671 1808 giebt
1701 1745 1862 1805 Przemyl
1885 1745 1914 1805 in
1949 1744 1994 1804 der
2030 1745 2208 1805 Woywod¬

1204 1792 1298 1852 schaft
1316 1796 1457 1856 Lemberg
1482 1796 1510 1856 zu
1541 1796 1611 1856 klein
1635 1793 1765 1853 Reußen
1789 1793 1936 1853 gehörig,
1948 1793 2001 1853 für
2025 1790 2119 1850 seinen
2143 1794 2207 1854 Ge¬

1204 1840 1351 1900 burtsort
1377 1842 1465 1902 aus,
1489 1842 1566 1902 weiß
1596 1841 1655 1901 sein
1691 1843 1762 1903 über
1786 1840 1857 1900 oder
1888 1840 1982 1900 unter
2012 1840 2201 1900 50jähriges

1203 1888 1291 1948 Alter
1314 1888 1396 1948 nicht
1418 1890 1512 1950 genau
1545 1893 1572 1953 zu
1595 1891 1799 1951 bestimmen,
1817 1889 1899 1949 giebt
1922 1889 1976 1949 vor
1999 1891 2203 1951 eintragliche

1201 1933 1311 1993 Güter
1339 1936 1438 1996 sieben
1466 1939 1593 1999 Meilen
1632 1939 1687 1999 von
1721 1939 1891 1999 Caminiec
1920 1936 1946 1996 in
1975 1938 2134 1998 Podolien
2163 1942 2195 2002 zu

1200 1981 1352 2041 besitzen,
1374 1981 1422 2041 die
1445 1982 1471 2042 er
1499 1985 1586 2045 nebst
1608 1986 1700 2046 seiner
1728 1987 1830 2047 Frau,
1853 1987 1923 2047 (die
1946 1987 2010 2047 eine
2038 1988 2200 2048 Johanna

1201 2028 1422 2088 Scroczynska
1450 2028 1510 2088 seyn
1539 2031 1615 2091 soll)
1627 2031 1687 2091 und
1705 2031 1716 2091 2
1744 2032 1954 2092 erwachsenen
1982 2034 2147 2094 Söhnen,
2159 2036 2208 2096 da¬

1202 2077 1254 2137 von
1287 2077 1334 2137 der
1355 2073 1461 2133 älteste
1483 2073 1662 2133 ohngefehr
1678 2076 1709 2136 30
1736 2075 1826 2135 Jahr
1853 2076 1910 2136 alt,
1927 2078 1947 2138 in
1980 2081 2201 2141 Sutzkowske

1204 2127 1345 2187 verlaßen
1375 2121 1433 2181 und
1458 2118 1563 2178 wegen
1587 2121 1675 2181 ihres
1711 2121 1952 2181 Ungehorsams
1976 2121 2058 2181 nicht
2076 2127 2129 2187 für
2153 2127 2199 2187 die

1209 2174 1338 2234 seinigen
1365 2169 1455 2229 mehr
1475 2172 1624 2232 erkennt.
1670 2172 1761 2232 Sein
1787 2173 1930 2233 jüngster
1957 2174 2079 2234 Sohn,
2093 2175 2144 2235 den
2171 2178 2196 2238 er

1204 2223 1260 2283 mit
1280 2220 1324 2280 sich
1351 2218 1459 2278 führt,
1479 2220 1517 2280 ist
1537 2223 1664 2283 damals
1691 2224 1742 2284 bey
1768 2224 1863 2284 seinem
1903 2226 2076 2286 Ausgange
2096 2226 2127 2286 3,
2140 2229 2197 2289 und

1201 2268 1266 2328 jetzt
1284 2267 1295 2327 8
1319 2267 1413 2327 Jahr
1431 2268 1490 2328 alt,
1515 2273 1596 2333 heist
1615 2273 1803 2333 Patrick,
1828 2275 1868 2335 ein
1904 2276 2016 2336 wilder
2035 2276 2199 2336 muthigen

1203 2317 1316 2377 Bube,
1328 2315 1378 2375 der
1401 2319 1496 2379 öftere
1520 2325 1734 2385 Ausnahmen
1763 2324 1818 2384 von
1842 2324 1892 2384 der
1909 2324 1999 2384 Diät
2017 2324 2112 2384 seines
2135 2325 2202 2385 Va¬

1198 2363 1278 2423 ters,
1308 2366 1377 2426 aber
1406 2371 1516 2431 hinter
1534 2373 1626 2433 deßen
1655 2375 1783 2435 Rücken
1812 2372 1927 2432 macht,
1957 2370 2015 2430 und
2044 2373 2101 2433 mit
2119 2375 2199 2435 einer

1204 2411 1371 2471 Mischung
1395 2419 1446 2479 von
1464 2423 1764 2483 Unverschämtheit
1783 2423 1834 2483 und
1846 2420 1996 2480 Unschuld
2020 2423 2193 2483 jedermann

1199 2461 1234 2521 um
1282 2466 1470 2526 Schillinge
1501 2473 1630 2533 bettelt.
1678 2472 1725 2532 An
1756 2470 1808 2530 der
1832 2470 2080 2530 Verwandlung
2105 2473 2198 2533 dieser

1197 2513 1417 2573 menschlichen
1449 2521 1580 2581 Gestalt
1600 2521 1656 2581 soll
1682 2519 1751 2579 eine
1770 2518 1958 2578 Krankheit
1984 2518 2084 2578 schuld
2117 2521 2204 2581 seyn,

1202 2563 1250 2623 die
1270 2563 1367 2623 diesen
1405 2567 1515 2627 Mann
1541 2569 1596 2629 vor
1622 2573 1633 2633 7
1665 2569 1793 2629 Jahren
1819 2567 1997 2627 überfallen
2029 2568 2084 2628 und
2109 2567 2139 2627 in
2164 2568 2207 2628 ei¬

1198 2612 1251 2672 ner
1275 2619 1577 2679 Unverdaulichkeit
1589 2620 1653 2680 oder
1678 2615 1938 2675 Magenkrampf
1956 2615 2015 2675 mit
2033 2617 2204 2677 Blutstür¬

1197 2664 1316 2724 zungen
1343 2666 1505 2726 bestanden
1538 2667 1607 2727 hat.
1640 2665 1792 2725 Nachdem
1836 2662 1862 2722 er
1884 2663 1932 2723 sich
1960 2664 2013 2724 auf
2036 2667 2078 2727 ein
2111 2666 2202 2726 20tä¬

1202 2714 1285 2774 giges
1310 2717 1436 2777 Fasten,
1449 2715 1576 2775 gelüsten
1607 2712 1691 2772 laßen
1722 2712 1782 2772 auf
1795 2709 1993 2769 Vorstellung
2024 2712 2072 2772 der
2097 2715 2205 2775 Geist¬

1197 2763 1292 2823 lichen
1329 2766 1387 2826 und
1419 2766 1519 2826 seiner
1551 2763 1810 2823 Anverwandten
1847 2760 1963 2820 wieder
1985 2760 2122 2820 Speisen
2159 2760 2185 2820 zu

1202 2814 1374 2874 genußen,
1400 2814 1442 2874 sey
1468 2814 1498 2874 er
1518 2814 1541 2874 in
1573 2814 1615 2874 ein
1642 2811 1777 2871 Recidiv
1803 2811 1969 2871 gefallen,
1994 2808 2043 2868 bey
2069 2808 2198 2868 welcher

1207 2864 1422 2924 Gelegenheit
1449 2864 1475 2924 er
1501 2864 1553 2924 sich
1580 2864 1592 2924 3
1613 2863 1867 2923 Erscheinungen
1901 2858 2011 2918 rühmt
2031 2858 2142 2918 gehabt
2169 2860 2194 2920 zu

515 1308 819 1368 Königsberg.

230 1365 265 1425 Ja
294 1363 336 1423 ein
366 1357 602 1417 beträchtlicher
633 1356 732 1416 Theil
754 1357 797 1417 des
827 1357 970 1417 Publici
985 1357 1042 1417 seit
1064 1357 1149 1417 einem

166 1404 408 1464 Monat
439 1401 479 1461 ein
515 1398 657 1458 gewißes
687 1399 900 1459 Ebentheuer
936 1400 1060 1460 einiger
1090 1399 1172 1459 Auf¬

155 1452 381 1512 merksamkeit
414 1446 624 1506 gewürdiget
663 1444 749 1504 hat:
793 1446 825 1506 so
863 1446 970 1506 halten
1020 1443 1079 1503 wir
1122 1443 1154 1503 es

155 1501 331 1561 gleichfalls
362 1496 468 1556 unsern
498 1494 811 1554 Verbindlichkeiten
842 1494 977 1554 gemäs,
996 1496 1054 1556 mit
1078 1494 1160 1554 einer

154 1552 334 1612 Nachricht
359 1548 461 1608 davon
498 1548 606 1608 unsere
631 1548 716 1608 Leser
747 1548 776 1608 zu
813 1548 1036 1608 unterhalten.
1085 1548 1163 1608 Die

156 1602 427 1662 Schwachheiten
471 1596 524 1656 des
558 1599 688 1659 Pöbels
726 1601 889 1661 erstrecken
927 1601 976 1661 sich
1009 1599 1068 1659 von
1106 1598 1160 1658 den

160 1651 397 1711 Marktplätzen
433 1649 484 1709 der
514 1649 641 1709 Mägde
665 1646 711 1706 bis
741 1649 769 1709 zu
798 1649 850 1709 den
880 1649 983 1709 Höfen
1014 1649 1065 1709 der
1083 1649 1169 1709 Für¬

160 1701 239 1761 sten,
262 1703 323 1763 und
347 1700 408 1760 alle
426 1698 583 1758 diejenige
607 1697 839 1757 Thorheiten,
862 1697 974 1757 welche
998 1700 1155 1760 eigentlich

154 1751 206 1811 den
234 1751 391 1811 gemeinen
418 1748 523 1808 Mann
545 1745 798 1805 unterscheiden,
809 1745 978 1805 vertheilen
1005 1747 1051 1807 sich
1073 1748 1152 1808 durch

152 1800 213 1860 alle
236 1799 374 1859 Stände
402 1796 452 1856 der
475 1795 696 1855 Gesellschaft.
747 1793 791 1853 Zu
831 1793 913 1853 einer
947 1793 1013 1853 sehr
1047 1796 1169 1856 vielsei¬

152 1846 236 1906 tigen
265 1845 496 1905 Beobachtung
537 1840 632 1900 dieser
655 1839 965 1899 Gleichförmigkeit
989 1842 1078 1902 unter
1102 1843 1163 1903 ent¬

155 1896 403 1956 gegengesetzten
438 1888 635 1948 Vorwürfen
670 1885 726 1945 und
761 1888 924 1948 Urtheilen
953 1889 1003 1949 hat
1032 1891 1082 1951 die
1105 1891 1167 1951 Er¬

158 1944 324 2004 scheinung
350 1939 404 1999 des
443 1936 541 1996 neuen
584 1931 813 1991 Diogenes
851 1936 956 1996 Anlaß
999 1939 1166 1999 gegeben,

161 1990 208 2050 der
245 1989 298 2049 das
335 1981 546 2041 Lächerliche,
577 1978 848 2038 Unanständige,
873 1984 1161 2044 Ausschweifende

163 2034 257 2094 seiner
287 2028 463 2088 Lebensart
494 2025 552 2085 mit
583 2025 700 2085 einigen
730 2028 989 2088 Feigenblättern
1020 2032 1078 2092 aus
1108 2033 1154 2093 der

159 2079 294 2139 heiligen
329 2077 464 2137 Schrift
482 2076 509 2136 zu
544 2076 724 2136 bemantlen
753 2076 854 2136 sucht,
877 2079 939 2139 und
973 2079 1029 2139 den
1058 2079 1165 2139 Eckel¬

157 2127 264 2187 namen
299 2127 349 2187 des
384 2127 684 2187 Ziegenpropheten
725 2127 866 2187 erhalten
912 2127 985 2187 hat.
1032 2127 1156 2187 Dieses

153 2178 354 2238 Schaustüͤck
378 2178 431 2238 der
449 2178 668 2238 menschlichen
699 2179 810 2239 Natur
835 2179 941 2239 wurde
966 2178 1077 2238 allhier
1102 2178 1148 2238 den

159 2229 252 2289 13ten
286 2230 424 2290 Januar
452 2228 507 2288 aus
546 2226 595 2286 dem
634 2226 734 2286 Amte
751 2229 905 2289 Alexen
945 2228 1149 2288 eingebracht

151 2276 198 2336 wo
231 2277 257 2337 er
284 2279 331 2339 sich
364 2277 389 2337 in
417 2276 469 2336 dem
512 2276 729 2336 Litthauschen
767 2276 793 2336 so
814 2275 994 2335 genannten
1027 2273 1164 2333 Baum¬

159 2327 261 2387 walde
283 2327 352 2387 eine
375 2327 514 2387 Zeitlang
542 2325 768 2385 aufgehalten,
796 2324 838 2384 bis
866 2324 892 2384 er
915 2321 968 2381 von
1001 2321 1054 2381 den
1082 2321 1162 2381 Ein¬

159 2378 269 2438 saaßen
298 2378 347 2438 des
375 2375 497 2435 dasigen
525 2374 652 2434 Dorfes
675 2375 907 2435 Pannaugen,
925 2371 974 2431 bey
996 2366 1046 2426 der
1063 2366 1151 2426 ersten

152 2426 295 2486 strengen
335 2426 434 2486 Kälte
462 2423 511 2483 des
540 2422 689 2482 Winters
723 2422 778 2482 aus
812 2422 983 2482 Mitleiden
1011 2414 1138 2474 gezwun

154 2476 205 2536 gen
234 2473 364 2533 worden
388 2473 438 2533 bey
467 2471 558 2531 ihnen
587 2470 819 2530 einzukehren.
848 2472 950 2532 Außer
974 2466 1024 2526 der
1048 2462 1155 2522 Zierde

160 2519 246 2579 eines
275 2522 384 2582 langen
408 2521 535 2581 Bartes
558 2518 633 2578 geht
651 2518 679 2578 er
703 2518 725 2578 in
755 2521 852 2581 nichts
876 2520 922 2580 als
945 2516 1060 2576 rauhen
1084 2511 1159 2571 Fell¬

164 2566 280 2626 häuten
305 2569 470 2629 gekleidet,
496 2566 575 2626 ohne
600 2566 797 2626 Unterscheid
835 2570 883 2630 der
915 2561 1160 2621 Jahreszeiten,

164 2614 289 2674 barrfuß
320 2617 380 2677 und
404 2617 464 2677 mit
483 2616 537 2676 ent
556 2615 663 2675 lößtem
706 2617 851 2677 Haupte.
900 2616 1013 2676 Seine
1038 2611 1164 2671 Gesell¬

160 2661 260 2721 schaft
278 2661 319 2721 ist
337 2664 384 2724 ein
408 2664 526 2724 kleiner
544 2664 655 2724 Knabe
674 2662 703 2722 im
739 2667 904 2727 ahnlichen
928 2663 1069 2723 Gewand
1093 2658 1151 2718 und

161 2710 302 2770 Mantel
321 2709 376 2769 von
401 2712 524 2772 Fellen,
549 2712 610 2772 mit
630 2712 746 2772 nacktem
790 2717 949 2777 Haupte,
963 2711 1067 2771 Füßen
1098 2709 1153 2769 und

160 2760 304 2820 Armen,
328 2759 513 2819 (worunter
531 2760 641 2820 letztere
665 2763 827 2823 besonders
851 2766 1001 2826 fleischigt
1019 2760 1077 2820 und
1095 2758 1163 2818 zart

167 2812 256 2872 sind)
287 2808 353 2868 eine
378 2810 505 2870 Heerde
529 2811 583 2871 von
614 2811 777 2871 Schaafen
808 2815 867 2875 und
887 2816 1019 2876 Ziegen,
1038 2809 1092 2869 von
1123 2808 1170 2868 de=

159 2861 212 2921 ren
240 2859 341 2919 Milch
369 2858 402 2918 er
423 2861 511 2921 lebt,
539 2861 599 2921 und
634 2861 674 2921 ein
709 2861 803 2921 Paar
824 2867 945 2927 Kühe,
966 2866 1020 2926 die
1042 2858 1142 2918 seinem
