2479 3508
1265 389 1344 449 Wir
1376 392 1510 452 glauben
1542 392 1628 452 diese
1666 395 1776 455 unsere
1801 398 1967 458 Erstlinge
2005 398 2096 458 nicht
2128 398 2232 458 höher

1217 440 1303 500 adeln
1336 440 1394 500 und
1417 440 1513 500 besser
1536 440 1714 500 empfehlen
1747 449 1773 509 zu
1806 449 1946 509 können,
1974 447 2022 507 als
2049 449 2135 509 durch
2163 449 2233 509 eine

1216 491 1385 551 glückliche
1407 489 1534 549 Beute,
1540 489 1645 549 welche
1672 492 1703 552 am
1752 497 1968 557 verwichenen
2001 497 2233 557 Geburtstage

1217 542 1330 602 unsers
1358 539 1602 599 Landesvaters
1635 539 1727 599 einer
1755 543 1884 603 unserer
1918 548 2156 608 Kundschafter
2189 547 2243 607 ge¬

1216 589 1320 649 macht
1343 589 1415 649 hat,
1426 589 1515 649 durch
1543 589 1632 649 deßen
1666 589 1859 649 geschwinde
1882 594 1982 654 Feder
2005 598 2065 658 wir
2088 597 2154 657 eine
2177 594 2243 654 Ab¬

1221 643 1325 703 schrift
1337 640 1392 700 von
1420 640 1469 700 den
1492 640 1597 700 Reden
1625 640 1763 700 erhalten
1785 640 1907 700 haben,
1930 645 2045 705 womit
2068 649 2111 709 der
2134 646 2239 706 würk¬

1212 691 1264 751 lich
1294 691 1438 751 geheime
1462 688 1606 748 Staats=
1624 689 1688 749 und
1711 688 2030 748 Kriegesminister,
2042 697 2111 757 auch
2141 695 2233 755 Prä¬

1212 742 1310 802 sident
1334 742 1386 802 des
1410 739 1725 799 Pupillencollegii,
1743 739 1794 799 des
1813 739 1917 799 Herrn
1947 739 2005 799 von
2034 745 2226 805 Braxein

1224 789 1410 849 Excellenz,
1439 792 1490 852 die
1524 790 1699 850 feyerliche
1728 789 1909 849 Handlung
1955 789 2085 849 unserer
2125 798 2226 858 hohen

1224 838 1347 898 Schule
1372 840 1595 900 einzuweyhen
1626 843 1684 903 und
1715 843 1743 903 zu
1773 837 1992 897 beantworten
2022 840 2204 900 geruhten:

1233 954 1327 1014 Sey
1357 957 1530 1017 gegrüsset,
1538 957 1581 1017 sey
1604 959 1835 1019 willkommen,
1851 960 1879 1020 du
1909 960 2061 1020 schönster
2076 959 2126 1019 der
2141 960 2228 1020 Tage

1217 1005 1347 1065 neuerer
1370 1007 1494 1067 Zeiten,
1506 1007 1574 1067 Tag
1598 1007 1648 1067 der
1671 1007 1727 1067 uns
1756 1007 1926 1067 Miriaden
1955 1009 2011 1069 von
2040 1008 2238 1068 Glückselig¬

1214 1054 1306 1114 keiten
1334 1057 1388 1117 und
1416 1058 1491 1118 allen
1514 1055 1731 1115 Preußischen
1759 1056 1900 1116 Staaten
1928 1058 1992 1118 eine
2009 1059 2085 1119 neue
2107 1060 2237 1120 Schöͤp¬

1221 1106 1294 1166 fung
1324 1106 1483 1166 gegeben!

1276 1156 1361 1216 Tag,
1375 1157 1422 1217 der
1443 1154 1488 1214 den
1516 1151 1842 1211 allerwachsahmsten
1870 1152 2075 1212 Beschützer,
2090 1159 2143 1219 den
2170 1159 2242 1219 mil¬

1218 1200 1311 1260 desten
1339 1201 1544 1261 Gesetzgeber
1567 1201 1760 1261 unzähliger
1783 1201 2060 1261 Völkerschaften,
2078 1204 2121 1264 den
2161 1207 2237 1267 voll¬

1217 1249 1428 1309 kommensten
1459 1247 1650 1307 Regenten,
1666 1250 1717 1310 den
1748 1249 1841 1309 besten
1867 1249 1970 1309 Vater
1997 1249 2094 1309 seines
2120 1255 2233 1315 Volks,

1212 1297 1260 1357 den
1283 1300 1468 1360 glücklichen
1501 1297 1642 1357 Mehrer
1666 1299 1763 1359 seines
1785 1297 1927 1357 Reichs,
1944 1297 1993 1357 den
2015 1300 2157 1360 Liebling
2185 1300 2233 1360 der

1218 1351 1388 1411 Weisheit
1406 1348 1468 1408 und
1491 1348 1627 1408 Künste,
1639 1348 1690 1408 den
1713 1348 1838 1408 seinsten
1867 1346 1975 1406 Geist,
1993 1350 2043 1410 das
2067 1350 2163 1410 gröste
2181 1351 2243 1411 Ur¬

1220 1401 1282 1461 bild
1300 1402 1385 1462 eines
1402 1399 1430 1459 im
1464 1401 1589 1461 Siegen
1618 1399 1674 1459 und
1692 1399 1873 1459 Großmuth
1896 1399 2140 1459 triumphischen
2169 1402 2242 1462 Hel=

1214 1452 1293 1512 den,
1309 1451 1372 1511 und
1394 1449 1462 1509 noch
1484 1449 1595 1509 mehr,
1606 1449 1654 1509 den
1681 1449 1887 1509 erhabensten
1914 1452 2179 1512 Friedensstifter
2195 1449 2226 1509 an

1215 1498 1266 1558 das
1282 1497 1365 1557 Licht
1381 1497 1542 1557 gebracht,
1558 1498 1646 1558 deßen
1672 1500 1859 1560 wärmende
1881 1503 2125 1563 Gnadensonne
2141 1503 2239 1563 alles,

1217 1543 1286 1603 was
1307 1542 1457 1602 während
1484 1542 1529 1602 dem
1574 1545 1629 1605 von
1655 1540 1720 1600 Tod
1751 1545 1811 1605 und
1832 1546 2013 1606 Verderben
2044 1549 2239 1609 schnauben¬

1218 1594 1261 1654 den
1295 1596 1417 1656 Kriege
1440 1596 1494 1656 nur
1517 1593 1633 1653 irgend
1656 1593 1816 1653 gelitten,
1845 1593 1938 1653 gleich
1967 1596 2061 1656 denen
2089 1596 2144 1656 vom
2183 1596 2233 1656 ra¬

1222 1646 1325 1706 senden
1357 1646 1512 1706 Nordost
1531 1643 1815 1703 niedergebeugten
1846 1643 2019 1703 Blumen,
2044 1643 2235 1703 erfrischend

1216 1697 1376 1757 wiederum
1423 1697 1546 1757 belebet
1567 1694 1624 1754 und
1650 1692 1841 1752 aufrichtet.

1270 1742 1358 1802 Ewig
1389 1745 1495 1805 bleibe
1519 1745 1584 1805 dein
1614 1742 1826 1802 Angedenken
1857 1739 1951 1799 durch
1975 1739 2229 1799 Friedrichs

1217 1793 1443 1853 unsterblichen
1471 1790 1687 1850 Nachruhm,
1715 1790 1800 1850 durch
1833 1785 2082 1845 Friedrichs
2110 1787 2228 1847 ewiges

1220 1841 1337 1901 Leben,
1356 1843 1385 1903 so
1409 1843 1444 1903 du
1474 1843 1485 1903 o
1509 1841 1597 1901 süßer
1621 1843 1721 1903 Tag!
1746 1837 1952 1897 angefangen
1988 1833 2070 1893 hast,
2100 1834 2123 1894 im
2165 1837 2235 1897 Se¬

1212 1895 1289 1955 gen.
1317 1892 1406 1952 Dein
1428 1893 1561 1953 Seegen
1589 1891 1688 1951 breite
1711 1891 1755 1951 sich
1783 1891 1860 1951 weit
1878 1888 1933 1948 aus
1955 1885 2032 1945 über
2050 1885 2127 1945 viele
2144 1887 2238 1947 Wel¬

1215 1943 1261 2003 ten
1291 1942 1336 2002 die
1360 1942 1412 2002 sich
1436 1939 1470 1999 um
1517 1942 1773 2002 Friedrichs
1797 1941 1900 2001 Ruhm
1948 1936 1999 1996 als
2029 1935 2098 1995 nach
2134 1936 2214 1996 einem

1218 1990 1504 2050 gemeinschaftlich
1532 1991 1814 2051 angenommenen
1847 1987 1970 2047 System
2010 1984 2177 2044 bewegen.

1264 2040 1349 2100 Dich
1378 2039 1479 2099 feyren
1508 2040 1598 2100 unter
1621 2040 1785 2100 Jauchzen
1820 2040 1876 2100 und
1905 2037 2097 2097 Frohlocken
2121 2037 2233 2097 unsere

1217 2089 1432 2149 allerspateste
1455 2088 1608 2148 Urenkel,
1626 2090 1688 2150 auf
1705 2088 1818 2148 welche
1841 2088 1897 2148 alle
1921 2088 1966 2148 die
1989 2088 2238 2148 Glückseligkei¬

1212 2138 1284 2198 ten,
1302 2139 1347 2199 die
1370 2138 1618 2198 Friedrichs
1646 2137 1736 2197 Leben
1771 2136 1866 2196 seinen
1895 2138 2041 2198 Staaten
2070 2141 2239 2201 gebracht,

1219 2187 1275 2247 von
1307 2187 1488 2247 Geschlecht
1508 2187 1539 2247 zu
1571 2187 1759 2247 Geschlecht
1778 2187 1948 2247 hinfließen
1986 2187 2117 2247 mögen.

1266 2236 1376 2296 Kehre
1399 2234 1410 2294 o
1438 2237 1664 2297 angenehmes
1688 2237 1965 2297 Himmelslicht!
1999 2234 2053 2294 oft
2070 2237 2148 2297 über
2176 2234 2231 2294 das

1217 2288 1326 2348 theure
1348 2287 1440 2347 Leben
1463 2286 1577 2346 unsers
1599 2288 1823 2348 verehrungs=
1840 2286 1905 2346 und
1927 2284 2227 2344 liebenswürdigen

1218 2336 1418 2396 Monarchen
1452 2336 1569 2396 wieder
1592 2336 1741 2396 zurücke!
1776 2336 1847 2396 aber
1870 2336 1954 2396 nicht
1971 2336 2065 2396 mehr
2088 2333 2143 2393 von
2172 2332 2238 2392 blu¬

1212 2387 1294 2447 tigen
1326 2386 1476 2446 Siegen,
1497 2384 1626 2444 sondern
1663 2384 1725 2444 mit
1752 2384 1886 2444 tausend
1913 2383 2136 2443 Seeligkeiten
2178 2380 2229 2440 des

1220 2437 1393 2497 Friedens,
1410 2434 1469 2494 mit
1486 2434 1643 2494 güldenen
1670 2435 1817 2495 Früchten
1844 2434 1925 2494 einer
1947 2432 2061 2492 langen
2089 2426 2223 2486 ruhigen

1222 2485 1279 2545 und
1315 2483 1517 2543 glückseligen
1558 2484 1750 2544 Regierung
1779 2482 1837 2542 zum
1889 2479 1987 2539 besten
2017 2477 2150 2537 Muster
2179 2479 2231 2539 der

1219 2533 1407 2593 Nachfolge
1432 2530 1495 2590 und
1527 2530 1576 2590 zur
1602 2533 1834 2593 Beschämung
1866 2530 1997 2590 unserer
2023 2530 2148 2590 Neider
2174 2530 2224 2590 bis

1222 2587 1246 2647 an
1278 2587 1333 2647 das
1358 2581 1450 2641 Ende
1476 2581 1525 2641 der
1550 2581 1642 2641 Welt
1662 2584 1822 2644 begleitet.

1270 2711 1320 2771 In
1349 2706 1422 2766 eben
1451 2703 1501 2763 dem
1542 2703 1717 2763 Schwung
1740 2703 1796 2763 von
1825 2703 2085 2763 Begeisterung,
2109 2706 2170 2766 und
2199 2706 2221 2766 in

1217 2759 1287 2819 eben
1314 2757 1363 2817 der
1379 2753 1504 2813 Pracht
1526 2751 1612 2811 einer
1629 2751 1889 2811 Beredsamkeit,
1912 2751 1954 2811 die
1982 2754 2063 2814 eines
2091 2754 2236 2814 Meca¬

1215 2808 1290 2868 nas
1318 2805 1448 2865 würdig
1470 2800 1530 2860 ist,
1552 2800 1644 2860 deßen
1677 2800 1867 2860 Großmuth
1894 2801 1943 2861 die
1960 2802 2155 2862 Verdienste
2183 2799 2236 2859 sei¬

1218 2853 1267 2913 ner
1290 2854 1418 2914 eigenen
1446 2849 1546 2909 Muse
1569 2849 1619 2909 der
1642 2849 1875 2909 Freundschaft
1898 2849 1987 2909 gegen
2015 2852 2148 2912 Dichter
2166 2848 2238 2908 auf¬

1218 2905 1359 2965 opferte,
1383 2897 1558 2957 beschlossen
1593 2900 1672 2960 Se.
1690 2900 1855 2960 Excellenz
1884 2902 1945 2962 mit
1964 2903 2134 2963 folgenden
2168 2900 2241 2960 con¬

1214 2957 1387 3017 centrirten
1420 2951 1555 3011 Wunsch
1588 2951 1663 3011 aller
1686 2951 1793 3011 treuen
1821 2954 2064 3014 Unterthanen.

158 389 373 449 platonischen
414 389 618 449 Republick,
642 392 716 452 oder
751 391 801 451 die
836 391 1092 451 Morgenröthe
1121 389 1177 449 des

152 440 367 500 platonischen
395 440 511 500 Jahrs
540 437 694 497 erleben?

210 487 290 547 Das
313 488 475 548 Publicum
519 488 595 548 wird
617 488 671 548 von
699 488 747 548 den
774 488 931 548 Absichten
954 490 1013 550 und
1036 488 1170 548 Kräften

160 539 208 599 des
236 539 409 599 Verlegers
432 539 491 599 und
514 536 562 596 der
578 539 758 599 Verfasser,
769 539 806 599 die
823 539 1084 599 gegenwärtiges
1106 542 1181 602 neu=

162 583 188 643 es
205 586 452 646 Zeitungswerk
474 586 705 646 übernehmen,
721 589 763 649 sich
785 589 810 649 zu
837 591 1021 651 gesunderen
1043 592 1180 652 Begrif¬

161 637 205 697 fen
226 637 286 697 und
312 635 529 695 bescheidnern
549 640 791 700 Erwartungen
812 640 1084 700 herunterlaßen.
1125 640 1170 700 Es

163 687 243 747 wird
265 688 335 748 viel
347 688 416 748 Zeit
439 688 508 748 dazu
536 688 698 748 gehören,
715 688 763 748 den
796 688 914 748 Gipfel
937 688 985 748 des
1012 688 1174 748 Beyfalls

158 736 221 796 und
248 736 417 796 Ansehens
450 738 481 798 zu
508 739 688 799 ersteigen,
720 736 778 796 den
805 739 847 799 ein
879 738 995 798 ganzer
1017 739 1175 799 Phalanx

158 786 338 846 politischer
360 786 423 846 und
450 789 608 849 gelehrter
630 786 788 846 Mercure
810 786 873 846 und
895 786 1106 846 Briefträger
1128 785 1181 845 be¬

163 834 238 894 reits
265 837 351 897 durch
379 834 427 894 die
444 837 654 897 Verjahrung
682 837 805 897 besitzt,
822 837 881 897 und
908 837 973 897 noch
1000 837 1092 897 mehr
1108 834 1178 894 Ge¬

159 885 231 945 dult
254 885 309 945 alle
332 885 628 945 Schwierigkeiten
662 888 716 948 aus
746 885 795 945 dem
840 888 940 948 Wege
963 888 990 948 zu
1024 888 1186 948 räumen,

159 935 275 995 welche
303 933 374 993 eine
408 935 525 995 völlige
548 935 763 995 Einrichtung
791 937 996 997 mancherley
1025 939 1168 999 Zufällen

160 984 186 1044 in
223 984 334 1044 unsern
367 986 669 1046 mitternächtlichen
696 987 871 1047 Gegenden
903 987 1083 1047 aussetzen.

210 1029 283 1089 Der
306 1031 504 1091 vorläufigen
528 1034 703 1094 Nachricht
721 1035 743 1095 zu
766 1037 868 1097 folge,
880 1036 919 1096 die
937 1034 987 1094 von
1017 1035 1062 1095 dem
1102 1035 1181 1095 Ent=

158 1079 248 1139 wurf
269 1082 396 1142 unserer
422 1082 553 1142 Blätter
579 1085 721 1145 bekannt
742 1085 884 1145 gemacht
905 1082 1067 1142 worden,
1093 1084 1173 1144 wird

167 1131 211 1191 die
235 1132 398 1192 politische
416 1135 534 1195 Hälfte
552 1136 647 1196 dieser
665 1136 840 1196 Zeitungen
869 1133 897 1193 in
926 1130 1010 1190 einem
1056 1130 1078 1190 so
1101 1131 1179 1191 viel¬

164 1181 295 1241 möglich
326 1184 427 1244 kurzen
452 1184 603 1244 Auszuge
628 1184 675 1244 des
694 1181 994 1241 Denkwürdigsten
1019 1181 1175 1241 bestehen,

160 1230 227 1290 was
256 1231 336 1291 jeder
365 1231 496 1291 Posttag
525 1233 632 1293 liefern
668 1229 763 1289 wird.
815 1229 895 1289 Wir
918 1231 1060 1291 zweifeln
1089 1231 1185 1291 aber,

168 1282 216 1342 daß
249 1282 275 1342 es
303 1282 362 1342 uns
395 1285 513 1345 immer
536 1284 676 1344 gelingen
715 1282 833 1342 möchte
866 1280 909 1340 die
932 1282 1093 1342 Posaune
1121 1279 1174 1339 des

167 1333 314 1393 Gerichts
338 1334 422 1394 durch
446 1335 513 1395 eine
531 1333 719 1393 Qveerflöte
737 1333 764 1393 zu
788 1333 929 1393 ersetzen.
981 1332 1072 1392 Man
1095 1330 1174 1390 wird

164 1382 210 1442 sich
251 1383 442 1443 unterdeßen
477 1384 534 1444 auf
564 1384 651 1444 einen
680 1382 877 1442 Ueberschuß
912 1384 970 1444 von
1000 1384 1184 1444 Neuigkei¬

155 1430 199 1490 ten
233 1431 444 1491 befleißigen,
462 1433 495 1493 um
534 1434 584 1494 den
618 1434 790 1494 Zeitungen
824 1431 952 1491 unserer
969 1431 1164 1491 Nachbaren

166 1482 267 1542 keinen
306 1482 516 1542 sonderlichen
555 1482 695 1542 Eintrag
728 1482 760 1542 zu
799 1479 906 1539 thun;
939 1479 1020 1539 weil
1048 1479 1090 1539 ein
1128 1481 1182 1541 ge¬

163 1532 441 1592 meinschaftlicher
464 1533 525 1593 und
554 1530 771 1590 friedfertiger
800 1524 973 1584 Wetteifer
1001 1527 1051 1587 dem
1091 1527 1185 1587 Han¬

163 1581 208 1641 del
231 1583 287 1643 und
311 1583 476 1643 gemeinen
500 1581 619 1641 Besten
643 1579 866 1639 ersprießlich,
889 1578 991 1638 Groll
1009 1575 1071 1635 und
1095 1575 1174 1635 Neid

163 1628 324 1688 hingegen
352 1631 406 1691 der
427 1631 616 1691 häußlichen
644 1631 704 1691 und
739 1631 955 1691 bürgerlichen
983 1628 1185 1688 Glückselig=

161 1677 220 1737 keit
244 1679 438 1739 nachtheilig
468 1679 550 1739 sind.

213 1727 289 1787 Der
308 1729 378 1789 erste
397 1730 532 1790 Artickel
551 1730 633 1790 eines
664 1730 746 1790 jeden
776 1729 894 1789 Stücks
924 1727 1001 1787 wird
1025 1727 1078 1787 den
1102 1726 1184 1786 Wis¬

164 1778 348 1838 senschaften
375 1778 549 1838 gewidmet
566 1777 650 1837 seyn,
666 1778 724 1838 und
746 1777 830 1837 nicht
846 1775 899 1835 nur
920 1776 1057 1836 gelehrte
1074 1772 1184 1832 Nach¬

157 1828 273 1888 richten
302 1826 506 1886 überhaupt,
530 1827 593 1887 und
617 1825 774 1885 Berichte
798 1825 855 1885 von
885 1825 977 1885 neuen
1014 1822 1181 1882 Büchern,

167 1876 290 1936 sondern
319 1879 387 1939 auch
411 1876 580 1936 bisweilen
603 1876 909 1936 Originalversuche
933 1875 955 1935 in
984 1875 1029 1935 sich
1058 1873 1181 1933 halten.

168 1926 250 1986 Man
284 1924 361 1984 wird
383 1924 482 1984 dabey
511 1924 571 1984 kein
599 1925 770 1985 Bedenken
798 1926 909 1986 tragen
942 1924 969 1984 zu
998 1924 1185 1984 schneiden,

162 1975 231 2035 was
257 1972 372 2032 andere
393 1972 574 2032 gearbeitet
594 1972 720 2032 haben,
756 1974 816 2034 und
847 1972 896 2032 die
917 1972 1067 2032 Arbeiten
1103 1971 1183 2031 aus¬

159 2025 314 2085 wärtiger
348 2023 577 2083 Kunstrichter
611 2020 672 2080 mit
700 2020 806 2080 Wahl
835 2022 895 2082 und
935 2023 1174 2083 Gnugthuung

166 2077 215 2137 sich
243 2073 437 2133 zuzueignen
465 2070 587 2130 wißen.
637 2070 831 2130 Besonders
859 2073 936 2133 aber
964 2070 1097 2130 erbittet
1114 2070 1175 2130 und

167 2124 340 2184 verspricht
352 2124 421 2184 man
445 2124 490 2184 sich
515 2124 560 2184 den
584 2122 694 2182 milden
723 2121 868 2181 Beytrag
892 2121 937 2181 der
955 2121 1088 2181 hiesigen
1117 2118 1174 2178 und

164 2175 394 2235 benachbarten
419 2174 619 2234 Gelehrten,
638 2169 746 2229 welche
771 2169 801 2229 so
820 2172 947 2232 geneigt
966 2172 1026 2232 seyn
1051 2170 1172 2230 werden

167 2223 234 2283 ihre
257 2225 449 2285 Zuschriften
478 2223 506 2283 an
541 2223 591 2283 den
620 2220 778 2280 Verleger
796 2220 829 2280 zu
858 2222 982 2282 stellen.

220 2269 288 2329 Auf
312 2272 474 2332 Muster
503 2272 555 2332 des
585 2267 844 2327 Geschmacks
875 2270 984 2330 wollen
1013 2270 1071 2330 wir
1095 2270 1181 2330 keine

166 2318 353 2378 Ansprüche
370 2321 517 2381 machen,
529 2320 607 2380 weil
625 2321 682 2381 wir
705 2319 840 2379 selbigen
869 2318 919 2378 als
948 2318 993 2378 ein
1016 2318 1174 2378 Regale

167 2369 220 2429 des
247 2368 352 2428 Hofes
385 2369 448 2429 und
485 2372 570 2432 eines
602 2371 718 2431 milden
746 2368 915 2428 Himmels
947 2367 1111 2427 ansehen,
1138 2366 1174 2426 an

161 2420 255 2480 dessen
283 2417 457 2477 Einflüßen
491 2419 546 2479 nur
575 2420 620 2480 die
648 2420 793 2480 kleinsten
833 2418 895 2478 und
923 2417 1180 2477 ausgesuchteste

172 2467 414 2527 Gesellschaften
437 2464 535 2524 Theil
553 2467 684 2527 nehmen
713 2470 855 2530 können;
884 2467 982 2527 dafür
1005 2465 1081 2525 wird
1110 2467 1175 2527 eine

168 2517 427 2577 gemeinnützige
449 2515 562 2575 Cultur
580 2515 687 2575 unsers
709 2518 844 2578 Bodens
867 2518 925 2578 und
948 2515 996 2575 des
1019 2515 1185 2575 einheimi=

161 2572 238 2632 schen
267 2565 389 2625 Genies
412 2563 456 2623 die
468 2563 668 2623 Hauptsache
691 2564 746 2624 und
769 2566 819 2626 das
836 2566 902 2626 Ziel
914 2565 1042 2625 unserer
1054 2563 1181 2623 Bemü=

164 2618 292 2678 hungen
316 2614 402 2674 seyn.
409 2613 479 2673 Wir
497 2611 595 2671 hoffen
625 2611 712 2671 daher
736 2613 817 2673 durch
841 2614 904 2674 eine
922 2614 1184 2674 Mannigfaltig=

169 2670 232 2730 keit
250 2667 295 2727 der
319 2663 481 2723 Materien
505 2658 609 2718 sowol
621 2658 661 2718 als
685 2658 731 2718 der
749 2661 951 2721 Denkungs=
958 2659 1015 2719 und
1033 2658 1188 2718 Schreib=

164 2721 234 2781 art,
246 2718 333 2778 einer
351 2713 480 2773 Menge
498 2709 550 2769 von
580 2707 679 2767 Lesern
703 2707 831 2767 gefällig
849 2707 877 2767 zu
901 2709 1041 2769 werden.
1071 2706 1176 2766 Wenn

167 2770 273 2830 einige
297 2764 421 2824 unserer
445 2759 580 2819 Blätter
599 2757 669 2817 eine
687 2756 882 2816 Ehrenstelle
906 2754 958 2814 auf
983 2754 1029 2814 den
1060 2754 1183 2814 Nacht¬

160 2822 267 2882 tischen
301 2815 408 2875 unsers
432 2809 721 2869 Frauenzimmers
755 2805 800 2865 sich
829 2805 993 2865 erwerben
1022 2802 1180 2862 möchten.

167 2872 190 2932 so
221 2867 344 2927 werden
380 2861 444 2921 wir
475 2861 551 2921 über
581 2856 676 2916 diesen
712 2855 1001 2915 schmeichelhaften
1037 2852 1172 2912 Vorzug

161 2920 244 2980 nicht
268 2916 445 2976 vergessen,
470 2912 534 2972 uns
559 2912 629 2972 auch
660 2909 695 2969 um
737 2907 784 2967 die
808 2903 1104 2963 Aufmerksamkeit
1122 2903 1169 2963 des

167 2970 376 3030 Landmanns
399 2966 463 3026 und
487 2963 731 3023 Handwerkers
755 2961 783 3021 zu
813 2958 998 3018 bewerben.
