2479 3508
145 330 194 390 ten
220 336 345 396 darauf
365 333 515 393 folgten;
547 330 622 390 aber
641 330 672 390 so
691 329 798 389 bleibt
817 330 848 390 es
880 330 1062 390 Unsinn.
1100 333 1180 393 Wir

156 383 274 443 mußen
302 383 367 443 dies
394 382 583 442 bekennen,
611 377 687 437 weil
709 378 752 438 ein
790 380 936 440 gewißer
964 383 1082 443 Dunst
1116 383 1175 443 und

154 433 328 493 Bombast
352 431 404 491 sich
433 431 532 491 leicht
556 428 607 488 der
631 431 794 491 Jugend,
812 433 841 493 ja
871 434 1027 494 zuweilen
1063 435 1178 495 ganzer

152 483 291 543 Stadte
312 479 497 539 bemeistern
529 479 626 539 kann,
653 481 715 541 wie
736 482 798 542 wir
819 485 896 545 denn
927 485 1087 545 ebenfalls
1113 485 1180 545 eine

154 533 302 593 Predigt
326 529 463 589 hiesiges
493 527 576 587 Orts
600 533 719 593 gelesen
755 534 885 594 haben,
915 536 963 596 die
987 536 1093 596 damit
1112 535 1176 595 sehr

154 580 329 640 angesteckt
358 580 391 640 zu
426 579 494 639 seyn
529 580 693 640 verrieht.
751 583 830 643 Der
871 585 955 645 Herr
996 586 1177 646 Inspector

155 631 234 691 kann
267 628 309 688 ein
347 625 431 685 sonst
459 630 645 690 verdienter
672 633 884 693 Schulmann
922 634 1023 694 seyn,
1050 634 1113 694 nur
1135 634 1182 694 die

156 676 334 736 Rhetorick
357 676 423 736 wär
446 679 473 739 es
507 684 635 744 rathsam
675 682 724 742 für
748 683 797 743 ihn
831 685 914 745 nicht
943 685 1014 745 eher
1049 685 1076 745 zu
1104 685 1193 745 doci=

158 730 237 790 ren,
262 729 312 789 als
337 728 385 788 bis
411 732 441 792 er
467 733 527 793 wie
547 731 620 791 jene
639 733 756 793 Taube
781 733 831 793 des
862 733 1046 793 Virgils

1535 332 1620 392 mox
1654 333 1726 393 aere
1753 333 1838 393 lapsa
1872 331 1983 391 quieto

1262 383 1365 443 Radit
1382 380 1436 440 iter
1453 380 1639 440 liquidum,
1667 383 1786 443 celeres
1809 383 1912 443 neque
1935 379 2136 439 commouet
2148 376 2246 436 alas.)

1220 439 1247 499 zu
1276 436 1390 496 steigen
1419 434 1481 494 und
1511 431 1561 491 von
1590 432 1710 492 Höhen
1739 431 1789 491 sich
1813 434 1841 494 in
1876 431 1921 491 die
1944 431 2075 491 Thaler
2093 428 2252 488 herunter

1221 490 1254 550 zu
1282 485 1364 545 laßen
1398 485 1503 545 weiß.
1553 482 1685 542 Endlich
1719 485 1819 545 folgen
1852 484 1879 544 in
1908 482 2001 542 dieser
2029 479 2239 539 Sammlung

1224 536 1292 596 noch
1319 536 1393 596 zwey
1420 533 1663 593 Klaggedichte,
1675 533 1775 593 davon
1802 533 1854 593 das
1881 533 1993 593 erstere
2020 530 2067 590 dem
2110 529 2242 589 zweyten

1219 583 1289 643 doch
1317 585 1513 645 wenigstens
1546 580 1699 640 vorgeht,
1727 582 1786 642 und
1814 583 1885 643 eine
1907 580 2004 640 kleine
2038 579 2250 639 französische

1221 634 1454 694 Grabschrift,
1465 633 1515 693 die
1537 631 1603 691 sehr
1627 631 1848 691 mittelmäßig
1877 631 1937 691 und
1965 631 1992 691 in
2021 631 2242 691 Berechnung

1218 685 1312 745 gegen
1339 685 1427 745 einen
1447 682 1662 742 Wohlthäter
1688 682 1745 742 von
1777 682 1916 742 12000.
1929 682 2042 742 Rubel
2062 682 2245 742 ohngesehr

1222 733 1258 793 1.
1277 733 1373 793 werth
1404 736 1458 796 ist.

388 855 592 915 Berlin,
625 861 681 921 den
714 864 778 924 31.
804 861 963 921 Jenner.

214 910 370 970 Freytags
396 915 584 975 Vormittag
603 915 734 975 besahen
753 915 803 975 der
822 915 929 975 Prinz
942 917 998 977 von
1023 916 1179 976 Preussen

166 961 230 1021 und
263 964 311 1024 die
328 963 446 1023 beyden
468 963 614 1023 Prinzen
636 965 690 1025 von
717 966 976 1026 Braunschweig
999 968 1020 1028 in
1053 968 1192 1028 Beglei¬

153 1013 233 1073 tung
261 1016 314 1076 des
342 1013 412 1073 Hn.
434 1016 752 1076 General=Majors
775 1014 833 1074 von
861 1016 979 1076 Bulow
1018 1016 1077 1076 und
1105 1016 1190 1076 eini¬

159 1065 212 1125 ger
245 1064 477 1124 Adjutanten,
510 1064 568 1124 das
601 1066 720 1126 hiesige
742 1067 877 1127 adeliche
910 1067 1190 1127 Cadettencorps,

158 1116 221 1176 und
243 1118 311 1178 nach
333 1115 539 1175 verrichteten
561 1115 798 1175 militairischen
831 1118 1032 1178 Uebungen,
1043 1118 1100 1178 alle
1122 1115 1185 1175 die¬

154 1166 263 1226 jenige
292 1166 457 1226 Stuben,
479 1165 528 1225 wo
551 1165 600 1225 die
623 1166 793 1226 Lectiones
816 1169 942 1229 pflegen
965 1170 1108 1230 gehalten
1142 1166 1169 1226 zu

153 1214 305 1274 werden.
364 1213 607 1273 Sonnabends
634 1213 739 1273 reisete
766 1216 818 1276 der
850 1217 950 1277 Furst
982 1217 1183 1277 Czatorins¬

151 1264 210 1324 ky,
232 1262 383 1322 Starost
410 1261 469 1321 von
508 1264 664 1324 Luccow,
697 1263 772 1323 nach
805 1264 1010 1324 Warschau,
1038 1267 1096 1327 und
1124 1267 1178 1327 der

150 1311 464 1371 Oberstlieutenant
486 1309 537 1369 von
569 1312 620 1372 der
651 1312 770 1372 Armee
796 1312 852 1372 und
889 1315 1183 1375 Flugeladjutant,

149 1357 320 1417 Freyherr
341 1354 399 1414 von
424 1357 566 1417 Cocceji,
596 1357 640 1417 als
665 1357 984 1417 außerordentlicher
1009 1357 1176 1417 Gesandte

145 1403 220 1463 nach
251 1402 439 1462 Stockholm
475 1402 530 1462 ab.
592 1402 672 1462 Der
703 1401 759 1461 von
800 1402 921 1462 Seiten
952 1402 1002 1462 des
1028 1403 1180 1463 schwedi¬

147 1450 231 1510 schen
258 1446 359 1506 Hofes
386 1446 550 1506 ernannte
572 1447 869 1507 außerordentliche
892 1452 1072 1512 Gesandte,
1088 1452 1172 1512 Herr

148 1500 210 1560 von
240 1499 396 1559 Bohlen,
419 1498 627 1558 schwedisch=
645 1502 888 1562 pommerscher
912 1503 1177 1563 Landjägermei¬

148 1552 209 1612 ster
238 1552 300 1612 und
335 1551 470 1611 Oberste
499 1554 560 1614 von
595 1554 645 1614 der
675 1554 798 1614 Armee
827 1557 861 1617 ist
884 1558 1019 1618 dagegen
1048 1560 1166 1620 bereits

143 1605 222 1665 hier
240 1605 494 1665 angekommen.
562 1609 607 1669 Am
653 1608 839 1668 Sonntage
874 1610 1083 1670 überbrachte
1112 1612 1167 1672 der

144 1658 308 1718 Herzogl.
343 1660 686 1720 Braunschweigsche
721 1661 1051 1721 Kabinetscourier,
1080 1664 1171 1724 Herr

146 1712 301 1772 Berger,
313 1712 363 1772 dem
397 1710 480 1770 Hofe
503 1712 547 1772 die
565 1712 771 1772 angenehme
788 1712 965 1772 Nachricht
989 1715 1044 1775 von
1067 1715 1116 1775 der
1134 1714 1161 1774 zu

147 1761 282 1821 London
306 1760 356 1820 den
396 1760 452 1820 16.
475 1763 577 1823 dieses
600 1761 741 1821 glucklich
770 1760 979 1820 vollzogenen
1009 1765 1177 1825 Vermay¬

146 1808 226 1868 lung
259 1813 307 1873 des
335 1811 534 1871 Erbprinzen
562 1811 615 1871 von
637 1811 897 1871 Braunschweig
919 1813 978 1873 mit
995 1814 1043 1874 der
1065 1814 1178 1874 Prin¬

147 1858 240 1918 zeßin
279 1859 422 1919 Augusta
456 1858 510 1918 von
544 1858 780 1918 Cornwallis,
814 1858 935 1918 altesten
974 1864 1167 1924 Schwester

147 1909 202 1969 des
236 1911 386 1971 Königes
409 1905 464 1965 von
499 1906 838 1966 Großbrittannien.

379 1954 628 2014 Dresden,
650 1954 707 2014 vom
761 1956 813 2016 17.
846 1957 941 2017 Ina.

145 2055 403 2115 renzminister,
435 2049 533 2109 Graf
558 2051 619 2111 von
645 2052 712 2112 Rex
743 2052 792 2112 die
824 2054 903 2114 hohe
935 2058 1175 2118 Landesregie¬

143 2099 228 2159 rung
256 2101 282 2161 im
326 2100 455 2160 Namen
489 2100 542 2160 des
565 2106 661 2166 neuen
700 2106 916 2166 Churfursten
954 2106 1018 2166 und
1051 2109 1159 2169 Herrn

146 2151 439 2211 Administratoris
462 2151 483 2211 in
506 2154 627 2214 Pflicht
639 2157 849 2217 genommen.
866 2160 937 2220 Vor
954 2160 1048 2220 dieser
1065 2160 1170 2220 feyer=

136 2201 228 2261 lichen
256 2205 436 2265 Handlung
458 2207 535 2267 legte
557 2208 606 2268 der
628 2210 989 2270 Conferenzminister,
1001 2211 1082 2271 Herr
1104 2210 1158 2270 von

140 2254 331 2314 Stammer
358 2258 404 2318 als
430 2258 560 2318 Kanzer
586 2258 659 2318 aufs
685 2260 767 2320 neue
789 2260 840 2320 dem
882 2258 1048 2318 geheimen
1085 2261 1167 2321 Con¬

145 2305 213 2365 silio
237 2307 288 2367 den
318 2306 375 2366 Eid
404 2307 461 2367 ab.
514 2306 589 2366 Den
624 2312 664 2372 7.
688 2311 773 2371 Jan.
797 2311 832 2371 ist
856 2311 878 2371 in
907 2306 999 2366 dieser
1023 2309 1161 2369 Gegend

136 2355 205 2415 eine
230 2357 546 2417 Generalvisitation
576 2360 832 2420 vorgenommen
862 2361 921 2421 und
951 2357 1015 2417 eine
1040 2357 1168 2417 ziemli¬

138 2405 188 2465 che
216 2411 349 2471 Anzahl
366 2408 444 2468 losen
473 2408 645 2468 Gesindels
668 2411 846 2471 gefänglich
869 2409 1069 2469 eingebracht
1086 2408 1169 2468 wor¬

142 2454 216 2514 den.
269 2458 344 2518 Aus
373 2458 420 2518 dem
467 2458 628 2518 geheimen
658 2461 802 2521 Consilio
832 2461 901 2521 sind
931 2461 977 2521 ein
1012 2455 1150 2515 Hofratk

138 2501 210 2561 oder
233 2509 382 2569 geheime
405 2509 688 2569 Referendarius,
717 2509 761 2569 ein
795 2512 961 2572 geheimer
989 2503 1161 2563 Registra¬

137 2548 183 2608 tor
207 2554 270 2614 und
300 2557 515 2617 verschiedene
544 2560 690 2620 geheime
714 2563 928 2623 Canzellisten
952 2560 1016 2620 nach
1040 2556 1161 2616 Frank.

141 2602 214 2662 furt
237 2606 475 2666 abgegangen;
498 2608 610 2668 wohin
639 2611 707 2671 auch
736 2609 769 2669 am
815 2614 854 2674 9.
883 2612 984 2672 dieses
1013 2611 1041 2671 in
1081 2608 1154 2668 allei

133 2652 243 2712 Frühe
267 2649 319 2709 der
337 2652 425 2712 Herr
461 2655 629 2715 Geheime
654 2663 1062 2723 Cabinetsconferenzmin
1086 2658 1161 2718 ster,

143 2697 240 2757 Graf
262 2703 315 2763 von
348 2703 412 2763 Rex
435 2706 499 2766 und
526 2706 580 2766 sein
613 2707 698 2767 Herr
731 2710 871 2770 Vetter,
909 2713 963 2773 der
985 2709 1162 2769 Kammer¬

141 2750 194 2810 her
222 2753 275 2813 von
308 2751 372 2811 Rex
400 2755 470 2815 ihre
497 2757 589 2817 Reise
611 2759 822 2819 angetreten.
849 2765 941 2825 Nach
968 2763 1016 2823 dem
1049 2760 1146 2820 neuen

137 2805 352 2865 Verzeichniß
381 2802 432 2862 der
455 2808 637 2868 Pfennig=
649 2811 711 2871 und
734 2814 1070 2874 Quatembersteuern
1099 2811 1155 2871 auf

136 2853 191 2913 das
220 2854 442 2914 jetztlaufende
476 2857 609 2917 1754ste
632 2858 727 2918 Jahr
755 2861 855 2921 haben
889 2864 938 2924 die
961 2859 1161 2919 Landesein¬

133 2904 268 2964 wohner
296 2905 350 2965 von
378 2903 459 2963 jeden
492 2909 677 2969 gangbaren
710 2912 852 2972 Schocke
879 2915 933 2975 vom
978 2912 1081 2972 Lande
1098 2912 1157 2972 52,

130 2956 184 3016 von
221 2960 397 3020 accisbaren
428 2960 574 3020 Stadten
605 2963 641 3023 15
666 2966 726 3026 und
757 2966 842 3026 einen
861 2969 994 3029 halben,
1007 2968 1067 3028 und
1093 2968 1141 3028 von

1227 857 1274 917 der
1299 864 1738 924 Generalaccishauptcasse
1757 863 1792 923 36
1823 860 1882 920 und
1914 858 1997 918 einen
2028 858 2142 918 halben
2179 855 2244 915 Pf.

1221 912 1377 972 inclusive
1400 912 1453 972 16.
1470 912 1534 972 Pf.
1551 912 1740 972 Landsteuer
1762 913 1788 973 zu
1811 910 2010 970 entrichten;
2027 912 2058 972 an
2081 911 2248 971 Quatem=

1220 961 1292 1021 bern
1323 962 1379 1022 vom
1416 966 1524 1026 Lande
1546 966 1607 1026 43,
1633 963 1690 1023 von
1716 963 1902 1023 accisbaren
1933 960 2083 1020 Städten
2115 960 2145 1020 19
2176 960 2238 1020 und

1218 1010 1305 1070 einen
1336 1013 1470 1073 halben,
1497 1013 1553 1073 von
1584 1013 1636 1073 der
1662 1013 2096 1073 Generalaccishauptcasse
2117 1010 2157 1070 23
2179 1010 2235 1070 und

1216 1061 1304 1121 einen
1333 1064 1472 1124 halben.
1523 1063 1628 1123 Diese
1651 1064 1801 1124 Steuern
1836 1062 1896 1122 sind
1924 1059 2091 1119 längstens
2120 1061 2236 1121 binnen

1213 1109 1250 1169 14
1287 1115 1393 1175 Tagen
1426 1115 1494 1175 nach
1522 1115 1569 1175 dem
1607 1115 1740 1175 Termin
1772 1112 1825 1172 bey
1847 1110 2075 1170 Vermeidung
2097 1109 2145 1169 der
2167 1109 2251 1169 Exe¬

1210 1163 1321 1223 cution
1348 1166 1570 1226 abzuführen.
1624 1166 1698 1226 Von
1730 1163 1777 1223 der
1805 1160 2043 1220 verwittweten
2076 1157 2245 1217 Churfür¬

1216 1214 1272 1274 stin
1300 1214 1441 1274 Königl.
1464 1213 1588 1273 Hoheit
1611 1213 1672 1273 sind
1701 1213 1887 1273 nunmehro
1927 1211 1994 1271 vier
2017 1209 2237 1269 evangelische

1214 1264 1423 1324 Hofdamen,
1452 1264 1519 1324 eine
1549 1264 1667 1324 Gräfin
1696 1264 1752 1324 von
1781 1264 1888 1324 Löser,
1912 1260 1962 1320 die
1985 1260 2138 1320 Fräulein
2172 1258 2228 1318 von

1214 1311 1376 1371 Thielau,
1406 1312 1464 1372 von
1489 1309 1617 1369 Nostitz
1647 1312 1705 1372 und
1740 1312 1798 1372 von
1833 1308 1956 1368 Brand
1991 1306 2226 1366 angenommen

1210 1354 1365 1414 worden.
1390 1354 1466 1414 Von
1506 1354 1732 1414 auswärtiger
1753 1357 1838 1417 Höfe
1864 1354 2135 1414 Gesandschaften
2171 1356 2230 1416 sind

1213 1402 1260 1462 der
1287 1399 1419 1459 Päbstl.
1441 1402 1620 1462 Nuncius,
1637 1404 1732 1464 Graf
1753 1404 1938 1464 Visconti,
1976 1404 2039 1464 und
2066 1404 2119 1464 der
2146 1406 2240 1466 fran¬

1208 1449 1334 1509 zösische
1359 1452 1546 1512 Gesandte,
1571 1452 1661 1512 Herr
1686 1455 1850 1515 Marquis
1874 1455 2086 1515 d'Argenson
2111 1458 2225 1518 bereits

1205 1503 1282 1563 nach
1306 1505 1478 1565 Warschau
1509 1506 1739 1566 abgegangen.

1422 1560 1696 1620 Frankfurt,
1727 1560 1786 1620 vom
1829 1560 1888 1620 22.
1912 1558 2001 1618 Jan.

1255 1605 1334 1665 Den
1375 1608 1455 1668 8ten
1482 1610 1549 1670 sind
1583 1612 1635 1672 der
1662 1612 1942 1672 Churbayerische
1977 1612 2043 1672 auch
2070 1608 2236 1668 Herzogl.

1205 1661 1507 1721 Leuchtenbergsche
1532 1664 1870 1724 Reichstaggesandte
1895 1664 1954 1724 und
1979 1662 2097 1722 zweyte
2115 1659 2239 1719 Wahl¬

1209 1712 1423 1772 bothschafter
1452 1712 1610 1772 Freyherr
1633 1715 1683 1775 von
1712 1715 1858 1775 Schneid
1887 1715 1944 1775 und
1967 1712 2147 1772 vorgestern
2176 1711 2226 1771 der

1212 1762 1289 1822 erste
1302 1763 1580 1823 Thurböhmische
1598 1764 1949 1824 Wahlbothschafter,
1956 1763 2040 1823 Herr
2058 1763 2155 1823 Furst
2173 1760 2227 1820 von

1211 1814 1408 1874 Esterhazy,
1420 1814 1465 1874 der
1488 1816 1748 1876 Churcöllnische
1772 1816 1867 1876 dritte
1890 1811 2229 1871 Wahlbothschafter,

1206 1861 1366 1921 Freyherr
1395 1861 1544 1921 Franken
1583 1864 1638 1924 von
1678 1867 1894 1927 Siersdorf,
1923 1865 1955 1925 zu
1984 1864 2133 1924 Waßer,
2161 1864 2221 1924 und

1206 1909 1324 1969 gestern
1358 1911 1409 1971 der
1438 1914 1709 1974 Churpfalzische
1738 1915 1861 1975 zweyte
1885 1912 2229 1972 Wahlbothschafter,

1205 1959 1295 2019 Herr
1318 1957 1368 2017 von
1403 1960 1562 2020 Reibold,
1591 1966 1779 2026 imgleichen
1808 1966 1858 2026 der
1876 1966 2132 2026 Chursachsische
2155 1963 2228 2023 erste

199 2005 272 2065 Den
301 2005 374 2065 4ten
408 2001 503 2061 dieses
527 2002 582 2062 hat
617 2002 667 2062 der
696 2001 864 2061 Geheime
893 2009 1169 2069 Cabinetsconfe=
1204 2008 1524 2068 Wahlbotschafter,
1536 2011 1632 2071 Graf
1660 2014 1716 2074 von
1751 2016 1818 2076 Rex
1847 2014 1959 2074 allhier
1988 2014 2230 2074 eingetroffen;

1204 2058 1263 2118 wie
1285 2058 1361 2118 denn
1405 2055 1475 2115 auch
1513 2056 1567 2116 der
1595 2061 1876 2121 Churbayerische
1904 2061 1996 2121 erster
2024 2061 2229 2121 Wahlboth¬

1208 2109 1334 2169 schafter
1356 2103 1451 2163 Graf
1473 2106 1525 2166 von
1552 2109 1784 2169 Baumgarten
1811 2109 1921 2169 taglich
1954 2107 2107 2167 erwartet
2128 2109 2223 2169 wird.

1396 2157 1740 2217 Frankenthal,
1764 2159 1818 2219 den
1862 2160 1915 2220 13.
1940 2159 2030 2219 Jan.

1252 2202 1348 2262 Weil
1373 2202 1420 2262 die
1445 2206 1560 2266 hiesige
1591 2211 2051 2271 Porcellain=Manufactur
2082 2214 2220 2274 zeithero

1199 2255 1228 2315 in
1258 2256 1281 2316 so
1312 2255 1382 2315 gute
1406 2259 1601 2319 Aufnahme
1631 2267 1837 2327 gekommen,
1868 2264 1921 2324 daß
1951 2266 2010 2326 aus
2046 2264 2216 2324 besondern

1202 2304 1355 2364 gnädigst
1375 2307 1534 2367 bezeigten
1560 2317 1756 2377 Vergnügen
1788 2315 1961 2375 darüber,
1980 2318 2028 2378 der
2047 2315 2226 2375 Churfürst

1199 2354 1256 2414 von
1297 2354 1401 2414 Pfalz
1431 2363 1529 2423 denen
1559 2366 1605 2426 sich
1640 2369 1779 2429 daselbst
1820 2366 2029 2426 befindlichen
2070 2366 2231 2426 academi¬

1200 2405 1283 2465 schen
1309 2409 1532 2469 Lehrlingen,
1558 2417 1609 2477 als
1641 2420 1800 2480 Mahlern
1839 2417 1903 2477 und
1929 2417 2171 2477 Bildhauern,
2185 2417 2229 2477 ei=

1197 2453 1274 2513 nige
1293 2462 1631 2522 Preisbelohnungen
1668 2470 1733 2530 nach
1758 2467 1933 2527 Verdienst
1952 2467 2133 2527 ausgesetzt
2145 2464 2229 2524 hat:

1202 2506 1225 2566 so
1244 2506 1352 2566 wurde
1371 2514 1479 2574 heute,
1492 2516 1515 2576 in
1540 2518 1770 2578 Anwesenheit
1794 2518 1842 2578 des
1873 2520 1988 2580 ganzen
2019 2518 2217 2578 Magistrats

1197 2555 1259 2615 und
1294 2565 1549 2625 Geistlichkeit,
1578 2570 1668 2630 nebst
1697 2569 1800 2629 vieler
1834 2566 2158 2626 Standespersonen
2193 2566 2220 2626 in

1192 2609 1242 2669 dem
1288 2614 1408 2674 großen
1442 2620 1733 2680 Herrschaftlichen
1756 2620 2024 2680 Fabriquensaal
2048 2617 2116 2677 nach
2139 2617 2224 2677 einer

1195 2664 1390 2724 gehaltenen
1417 2667 1563 2727 Anrede,
1590 2671 1679 2731 durch
1712 2670 1764 2730 den
1797 2667 1901 2727 Herrn
1934 2667 2091 2727 Director
2113 2667 2223 2727 Berg¬

1184 2710 1253 2770 dall
1272 2715 1335 2775 und
1353 2718 1621 2778 Hofbildhauer,
1639 2721 1744 2781 Herrn
1774 2718 1884 2778 Linck,
1897 2718 1942 2778 als
1967 2715 2141 2775 Profeßor
2165 2718 2217 2778 der

1191 2766 1385 2826 Academie,
1413 2769 1457 2829 die
1480 2769 1618 2829 Pramia
1646 2772 1673 2832 zu
1702 2769 1967 2829 fernerweiteren
1990 2769 2217 2829 Beeiferung,

1195 2817 1377 2877 feyerlichst
1404 2820 1645 2880 ausgetheilet.

1440 2867 1653 2927 London,
1681 2867 1737 2927 vom
1794 2864 1832 2924 17
1872 2870 1967 2930 Jan.

1237 2912 1313 2972 Der
1335 2917 1498 2977 Erbprinz
1515 2919 1569 2979 von
1592 2921 1853 2981 Braunschweig
1876 2918 2039 2978 empfieng
2067 2918 2137 2978 noch
2159 2920 2208 2980 den

1198 2973 1257 3033 13.
1270 2972 1299 3032 d.
1318 2972 1444 3032 Abends
1463 2973 1510 3033 die
1529 2972 1872 3032 Bewillkommungen
1897 2974 1944 3034 des
1975 2972 2125 3032 Königes
2150 2971 2210 3031 und
