2479 3508
1551 1661 1959 1721 AVERTISSEMENT.

1321 1707 1384 1767 Bey
1406 1709 1453 1769 dem
1487 1712 1635 1772 Verleger
1652 1712 1736 1772 dieser
1753 1712 1881 1772 Zeitung
1902 1708 1934 1768 ist
1945 1706 1972 1766 zu
1999 1709 2115 1769 haben:
2126 1709 2174 1769 des
2191 1709 2275 1769 Hrn.

1260 1751 1378 1811 Marg.
1388 1754 1541 1814 d'Argens
1561 1754 1619 1814 und
1635 1754 1678 1814 der
1699 1754 1885 1814 Demoiselle
1901 1751 2024 1811 Cochois
2044 1753 2274 1813 gemeinschaft=

1258 1793 1328 1853 liche
1349 1795 1511 1855 Beytrage
1537 1799 1587 1859 zum
1628 1796 1821 1856 Vergnügen
1857 1796 1907 1856 für
1933 1794 1978 1854 den
2009 1795 2106 1855 Geist
2132 1796 2187 1856 und
2218 1798 2273 1858 das

1258 1837 1359 1897 Herz,
1383 1838 1456 1898 1ster
1479 1840 1593 1900 Theil,
1616 1840 1644 1900 8.
1661 1843 1757 1903 Berl.
1776 1840 1843 1900 763.
1855 1840 1866 1900 2
1889 1839 1922 1899 fl.
1940 1837 1962 1897 12
1980 1838 2031 1898 gr.
2088 1840 2161 1900 Der
2185 1843 2275 1903 Arzt,

1262 1880 1322 1940 eine
1345 1885 1550 1945 medicinische
1572 1888 1827 1948 Wochenschrift,
1845 1885 1905 1945 9ter
1928 1882 2038 1942 Theil,
2056 1882 2105 1942 gr.
2122 1885 2149 1945 8,
2178 1886 2277 1946 Leipz.

1258 1927 1263 1987 3
1286 1927 1323 1987 fl.
1367 1931 1416 1991 J.
1434 1930 1482 1990 B.
1499 1930 1641 1990 Basedow
1685 1933 1854 1993 Methode,
1871 1932 1919 1992 der
1943 1930 1996 1990 auf
2014 1930 2067 1990 das
2090 1928 2275 1988 bürgerliche

1262 1968 1339 2028 Leben
1373 1972 1611 2032 angewendeten
1640 1978 1856 2038 Arithmetick,
1879 1978 1912 2038 8,
1935 1975 2007 2035 763,
2024 1975 2034 2035 2
2057 1975 2090 2035 fl.
2135 1975 2263 2035 Mosers

1258 2017 1513 2077 Betrachtungen
1541 2020 1609 2080 üͤber
1636 2022 1679 2082 die
1695 2023 1945 2083 Aufrichtigkeit,
1962 2022 2030 2082 nach
2052 2020 2100 2080 den
2127 2020 2276 2080 Wirkun¬

1259 2062 1310 2122 gen
1336 2061 1382 2121 der
1404 2064 1517 2124 Natur
1538 2061 1594 2121 und
1621 2062 1755 2122 Gnade,
1771 2063 1806 2123 8,
1828 2064 1900 2124 Frf.
1916 2067 1982 2127 763,
2004 2067 2019 2127 1
2040 2067 2076 2127 fl.
2123 2067 2179 2127 D.
2200 2066 2272 2126 Hu¬

1263 2103 1309 2163 me
1330 2106 1500 2166 Geschichte
1527 2106 1578 2166 von
1615 2106 1957 2166 Groß=Brittanien,
1983 2106 1993 2166 2
2014 2109 2149 2169 Theile,
2180 2112 2231 2172 gr.
2242 2115 2278 2175 4,

1261 2148 1381 2208 Bresl.
1392 2148 1462 2208 763,
1477 2148 1502 2208 16
1528 2148 1562 2208 fl.
1608 2150 1819 2210 Allgemeines
1845 2151 2172 2211 Künstler=Lexicon,
2203 2154 2268 2214 oder

1260 2190 1427 2250 Nachricht
1447 2193 1497 2253 von
1528 2193 1573 2253 dem
1615 2195 1700 2255 Leben
1731 2195 1792 2255 und
1813 2193 1863 2253 den
1889 2193 2015 2253 Werken
2052 2193 2096 2253 der
2123 2199 2274 2259 Mahler,

1264 2234 1467 2294 Bildhauer,
1496 2237 1535 2297 rc.
1558 2237 1626 2297 groß
1649 2242 1688 2302 4,
1717 2239 1813 2299 Zürch
1836 2237 1915 2297 763,
1938 2235 1971 2295 16
1994 2237 2028 2297 fl.
2074 2239 2135 2299 D.
2158 2237 2203 2297 J.
2226 2237 2276 2297 H.

1263 2280 1314 2340 D.
1335 2282 1599 2342 Moldenhawers
1620 2282 1795 2342 grüͤndliche
1816 2282 2028 2342 Erläͤuterung
2059 2279 2105 2339 der
2127 2279 2266 2339 schweren

1266 2327 1487 2387 Schriftstellen
1519 2324 1564 2384 der
1586 2324 1632 2384 H.
1643 2326 1766 2386 Buͤcher
1792 2327 1879 2387 neuen
1911 2327 2128 2387 Testaments,
2144 2326 2267 2386 zweyter

1268 2369 1370 2429 Theil,
1387 2372 1452 2432 groß
1480 2372 1512 2432 4,
1534 2366 1696 2426 Königsb.
1713 2367 1777 2427 763.
1789 2369 1804 2429 6
1827 2371 1864 2431 fl.

1311 2416 1385 2476 Wer
1401 2417 1451 2477 das
1472 2412 1557 2472 große
1567 2411 1859 2471 Unwersal=Lexicon
1885 2414 2005 2474 complet
2021 2412 2177 2472 verkaufen
2198 2412 2277 2472 will,

1261 2461 1364 2521 beliebe
1380 2461 1421 2521 sich
1442 2461 1463 2521 in
1489 2458 1530 2518 der
1551 2455 1743 2515 Kanterschen
1770 2458 2023 2518 Buchhandlung
2045 2455 2070 2515 zu
2092 2455 2221 2515 melden.

1272 2533 1599 2593 Wechsel-Cours
1627 2527 1634 2587 &
1697 2536 1850 2596 Species
1872 2536 1913 2596 d.
1935 2536 1975 2596 3.
2004 2533 2115 2593 Febr.
2136 2536 2268 2596 1764.

1266 2586 1447 2646 Amsterdam
1483 2584 1519 2644 41
1544 2581 1628 2641 Tage
1647 2593 1779 2653 373gr.

1831 2587 1868 2647 71
1888 2589 1975 2649 Tage
1995 2585 2063 2645 371
2083 2587 2139 2647 gr.

1260 2638 1435 2698 Hamburg
1468 2632 1474 2692 3
1494 2635 1552 2695 W.
1559 2635 1617 2695 163
1643 2638 1700 2698 gr.

1839 2632 1851 2692 6
1882 2633 1942 2693 W.
1961 2635 2020 2695 162
2045 2636 2099 2696 gr.

1734 2682 1880 2742 Dantzig
1923 2684 1932 2744 2
1959 2683 2006 2743 pr.
2027 2685 2105 2745 Cto.

1260 2682 1364 2742 Berlin

1261 2733 1398 2793 Ducaten
1432 2728 1510 2788 neue
1530 2728 1569 2788 11
1590 2732 1628 2792 fl.
1642 2736 1720 2796 7gr.

1808 2730 1941 2790 Alberts
1966 2731 2069 2791 Taler
2088 2738 2154 2798 165
2173 2739 2227 2799 gr.

1265 2783 1374 2843 Rubel
1386 2782 1397 2842 4
1421 2781 1455 2841 fl.
1468 2776 1583 2836 21gr.

1752 2779 1805 2839 Alt
1817 2781 1960 2841 Polnisch
1984 2783 2054 2843 Geld
2079 2787 2114 2847 38
2139 2787 2185 2847 pr.
2198 2784 2274 2844 Cto.

1268 2843 1383 2903 Alte,,
1401 2843 1444 2903 35
1469 2835 1523 2895 pr.
1536 2833 1663 2893 Cento.

1767 2835 1932 2895 Märcksch
1957 2838 2027 2898 Geld
2052 2842 2063 2902 8
2087 2841 2140 2901 pr.
2152 2838 2270 2898 Cento.

1261 2912 1353 2972 Diese
1370 2912 1510 2972 Gelehrte
1531 2907 1587 2967 und
1614 2910 1775 2970 Politische
1796 2914 1920 2974 Zeitung
1946 2912 2018 2972 wird
2045 2915 2091 2975 des
2118 2917 2273 2977 Montags

1367 2957 1421 3017 und
1457 2954 1603 3014 Freytags
1624 2954 1649 3014 in
1675 2952 1719 3012 dem
1755 2956 1952 3016 Kanterschen
1983 2960 2164 3020 Buchladen

1651 2996 1875 3056 ausgegeben.

1385 382 1464 442 St.
1493 388 1812 448 Petersburg,
1841 391 1897 451 vom
1949 389 2012 449 20.
2041 389 2137 449 Jan.

1297 430 1372 490 Der
1395 432 1514 492 hiesige
1536 431 1606 491 Hof
1628 436 1687 496 hat
1716 439 1769 499 den
1802 440 1894 500 18ten
1922 439 1970 499 die
1992 437 2263 497 Cammertrauer

1250 479 1354 539 wegen
1389 482 1566 542 Absterben
1599 482 1654 542 der
1677 488 1926 548 Erzherzogin,
1949 488 2114 548 Infantin
2143 485 2259 545 Maria

1251 530 1444 590 Elisabeth,
1473 533 1527 593 auf
1550 532 1588 592 14
1622 532 1711 592 Tage
1733 534 1899 594 angelegt.

1952 538 2017 598 Von
2048 536 2137 596 Jhro
2161 536 2268 596 Kays.

1254 580 1394 640 Majest.
1411 580 1448 640 ist
1471 580 1524 640 zur
1546 580 1741 640 Aufnahme
1763 582 1811 642 des
1839 583 1995 643 Rußisch.
2017 589 2168 649 Handels
2196 586 2260 646 eine

1254 631 1423 691 besondere
1445 630 1861 690 Commerz=Commißion
1893 634 2052 694 errichtet.

1527 679 1673 739 Riga,
1707 679 1763 739 den
1803 681 1864 741 24.
1893 682 1988 742 Jan.

1302 727 1376 787 Vor
1398 728 1520 788 einigen
1547 729 1679 789 Wochen
1707 727 1818 787 befand
1840 730 1887 790 sich
1915 730 1962 790 des
1978 733 2084 793 Herrn
2112 735 2276 795 General¬

1252 778 1547 838 feldzeugmeisters
1574 778 1632 838 von
1659 778 1827 838 Villebois
1854 776 1975 836 Excell.
1986 780 2117 840 allhier,
2134 783 2165 843 um
2202 784 2270 844 ver¬

1256 828 1429 888 schiedenes
1454 828 1690 888 anzuordnen,
1720 828 1789 888 was
1819 828 1873 888 zur
1903 825 2031 885 weitern
2061 828 2194 888 Räume
2219 830 2268 890 der

1257 877 1406 937 Straßen
1433 879 1489 939 und
1511 879 1775 939 Verschönerung
1806 879 1857 939 der
1874 876 1987 936 Stadt
2008 876 2117 936 dienen
2143 876 2277 936 könnte,

1253 925 1313 985 wie
1330 927 1407 987 denn
1429 927 1479 987 der
1496 928 1612 988 hiesige
1629 928 1817 988 Magistrat
1834 927 1911 987 seine
1928 926 2089 986 bisherige
2106 924 2271 984 Aufmerk¬

1256 978 1385 1038 samkeit
1406 978 1613 1038 verdoppelt,
1638 980 1688 1040 den
1719 978 1940 1038 Ausgebäude
1966 975 1995 1035 an
2026 975 2076 1035 den
2107 975 2272 1035 Häusern,

1250 1025 1363 1085 welche
1384 1025 1451 1085 man
1477 1027 1538 1087 hier
1560 1028 1766 1088 Ausbaulisse
1782 1028 1900 1088 nennt,
1911 1025 1931 1085 so
1953 1025 2019 1085 viel
2030 1025 2133 1085 mögl.
2149 1023 2272 1083 wegzu¬

1253 1074 1400 1134 schaffen.
1438 1075 1528 1135 Man
1550 1076 1613 1136 sagt
1635 1079 1725 1139 auch,
1741 1078 1788 1138 daß
1815 1076 2043 1136 oberwähnter
2060 1073 2107 1133 H.
2124 1070 2272 1130 General

1252 1122 1319 1182 nach
1355 1121 1428 1181 dero
1455 1124 1631 1184 besondern
1657 1125 1802 1185 Einsicht
1824 1126 1850 1186 im
1897 1124 2172 1184 Vestungswesen
2209 1123 2260 1183 den

1263 1169 1419 1229 Entwurf
1440 1172 1710 1232 unternommen,
1730 1175 1867 1235 Dorpat
1887 1172 1995 1232 weiter
2010 1175 2039 1235 zu
2064 1172 2270 1232 fortificiren.

1260 1215 1346 1275 Seit
1368 1218 1492 1278 einiger
1515 1220 1584 1280 Zeit
1607 1220 1666 1280 sitzt
1694 1222 1758 1282 hier
1791 1222 1855 1282 eine
1884 1222 2035 1282 Kayserl.
2057 1219 2263 1279 Commißion

1258 1262 1321 1322 mit
1338 1267 1527 1327 Zuziehung
1554 1267 1606 1327 des
1633 1270 1865 1330 Magistrats,
1887 1270 1923 1330 um
1966 1270 2013 1330 die
2035 1270 2192 1330 Erbleute
2214 1270 2261 1330 des

1258 1315 1376 1375 Adels,
1382 1315 1490 1375 welche
1518 1318 1691 1378 Läuflinge
1719 1320 1783 1380 und
1816 1320 1843 1380 in
1882 1319 1930 1379 der
1952 1320 2065 1380 Stadt
2093 1321 2169 1381 oder
2191 1320 2271 1380 sonst

1258 1366 1307 1426 wo
1324 1368 1561 1428 Dienstbothen
1590 1369 1673 1429 sind,
1690 1372 1739 1432 zur
1762 1372 2043 1432 Zurücklieferung
2066 1372 2276 1432 auszukund¬

1256 1416 1409 1476 schaften.
1460 1418 1511 1478 Es
1528 1421 1642 1481 betrift
1659 1422 1778 1482 Letten,
1790 1425 1925 1485 Esthen,
1944 1422 2005 1482 und
2029 1423 2170 1483 Russen,
2182 1422 2266 1482 keine

1252 1467 1432 1527 Deutsche,
1449 1467 1575 1527 Polen,
1592 1472 1761 1532 Litthauer
1783 1473 1843 1533 und
1871 1475 2078 1535 Curländer.
2123 1473 2275 1533 Gesinde

1255 1513 1314 1573 von
1339 1515 1451 1575 obigen
1481 1515 1673 1575 Nationen,
1688 1518 1815 1578 welches
1845 1522 1983 1582 darthut
2003 1524 2086 1584 nicht
2111 1527 2258 1587 leibeigen

1259 1562 1284 1622 zu
1316 1560 1382 1620 seyn
1414 1563 1522 1623 erhält
1538 1563 1625 1623 einen
1657 1566 1847 1626 Freyzettel.

181 388 274 448 tern.
321 386 399 446 Von
436 389 487 449 den
524 386 644 446 großen
670 386 785 446 Gaben
827 386 878 446 des
910 386 1009 446 neuen
1051 383 1217 443 General¬

192 437 398 497 controleurs
425 436 476 496 der
498 436 689 496 Finanzen,
705 437 793 497 Herr
819 435 855 495 de
876 434 1015 494 Laverdi
1036 431 1217 491 verspricht

195 485 263 545 man
301 485 348 545 sich
385 485 485 545 alles.
533 485 649 545 Durch
686 484 754 544 eine
787 485 981 545 Versetzung
1014 483 1113 543 seines
1140 482 1219 542 Na¬

186 536 282 596 mens
308 533 474 593 bekommt
495 533 596 593 man:
627 531 708 591 Dieu
745 533 886 593 l’aidera
912 533 1018 593 (Gott
1039 533 1120 593 wird
1151 533 1196 593 ihm

188 583 320 643 helfen)
348 583 411 643 und
443 583 597 643 niemand
629 580 794 640 zweifelt,
821 580 911 640 unser
943 583 1017 643 Hof
1044 582 1150 642 werde
1182 580 1208 640 in

187 634 298 694 kurzer
320 634 394 694 Zeit
411 631 437 691 im
481 631 618 691 Stande
646 631 709 691 seyn
741 631 816 691 allen
848 633 1055 693 obgedachten
1089 631 1226 691 Gegen¬

196 682 322 742 ständen
354 682 496 742 Genüge
518 682 544 742 zu
571 682 671 742 thun.
724 682 803 742 Fast
830 679 913 739 alle,
940 682 987 742 die
1014 680 1220 740 Bedienun¬

196 731 248 791 gen
281 730 301 790 in
333 730 465 790 Canada
492 730 613 790 gehabt
640 729 734 789 haben
772 727 835 787 und
862 727 893 787 zu
920 730 1110 790 Geldstrafe
1137 730 1215 790 oder

192 778 366 838 Ersetzung
393 781 588 841 verurtheilt
609 778 759 838 worden,
785 778 954 838 entrichten
986 781 1119 841 selbige,
1146 780 1207 840 und

192 831 282 891 unter
304 828 425 888 andern
458 828 516 888 soll
538 828 606 888 Hr.
628 825 734 885 Cadet
756 825 835 885 schon
867 827 946 887 seine
973 828 989 888 6
1027 828 1207 888 Millionen

196 879 327 939 bezahlt
349 876 475 936 haben.
523 876 697 936 Lambert,
714 876 761 936 der
782 876 929 936 Drucker
956 879 1014 939 und
1041 879 1083 939 ein
1110 880 1214 940 Advo¬

195 927 246 987 cat
267 926 318 986 der
339 924 504 984 Verfasser
530 925 612 985 einer
638 927 757 987 kleinen
783 927 943 987 Schrift:
969 927 1082 987 L'Anti
1098 927 1216 987 Finan¬

195 975 261 1035 cier
283 973 344 1033 sind
370 972 468 1032 beyde
489 972 515 1032 in
546 972 592 1032 die
609 974 747 1034 Bastille
769 978 918 1038 gebracht
939 975 1089 1035 worden.
1136 978 1213 1038 Der

197 1022 284 1082 Herr
310 1019 366 1079 von
398 1022 609 1082 Conteneuve
631 1022 687 1082 hat
709 1024 759 1084 dem
801 1025 930 1085 Könige
951 1025 1018 1085 eine
1044 1025 1214 1085 Maschine

196 1070 393 1130 überreicht,
419 1070 575 1130 vermöge
607 1073 758 1133 derselben
795 1073 924 1133 jemand
961 1073 977 1133 3
1008 1073 1205 1133 Abschriften

195 1124 258 1184 auf
285 1121 406 1181 einmal
433 1121 596 1181 vollenden
629 1124 734 1184 kann.
782 1121 860 1181 Der
893 1121 1045 1181 Erfinder
1078 1121 1135 1181 hat
1162 1123 1209 1183 ihr

194 1170 246 1230 den
274 1169 407 1229 Namen
445 1169 497 1229 des
519 1172 796 1232 Polygraphen,
813 1169 888 1229 oder
910 1169 1085 1229 geschickten
1123 1169 1224 1229 Copi=

199 1219 258 1279 sten
286 1219 443 1279 gegeben.
492 1219 726 1279 Ohngeachtet
743 1219 813 1279 man
851 1218 894 1278 ein
927 1219 1095 1279 ähnliches
1118 1216 1215 1276 Werk

201 1267 248 1327 des
276 1269 397 1329 Grafen
429 1267 482 1327 von
509 1267 662 1327 Neuperg
689 1267 748 1327 aus
775 1267 864 1327 Wien
897 1267 1119 1327 angekündigt
1141 1269 1220 1329 hat;

204 1315 229 1375 so
255 1318 311 1378 hat
343 1319 409 1379 doch
446 1318 498 1378 der
519 1318 606 1378 Herr
632 1315 688 1375 von
721 1318 931 1378 Conteneuve
958 1318 1040 1378 schon
1077 1318 1128 1378 den
1160 1318 1221 1378 21.

201 1365 280 1425 Oct.
302 1366 349 1426 die
371 1365 487 1425 Probe
520 1368 583 1428 mit
610 1368 711 1428 seiner
743 1369 918 1429 Maschine
950 1369 976 1429 in
1009 1370 1220 1430 Gegenwart

201 1414 252 1474 des
284 1416 449 1476 Marquis
475 1413 526 1473 von
553 1418 718 1478 Marigny
745 1416 806 1476 und
832 1419 961 1479 hierauf
983 1419 1106 1479 einiger
1128 1419 1220 1479 Com¬

196 1464 356 1524 missaires
383 1464 436 1524 von
468 1464 516 1524 der
543 1467 670 1527 königl.
682 1465 858 1525 Akademie
880 1467 933 1527 der
949 1468 1210 1528 Wissenschaften

202 1518 366 1578 gemacht,
388 1515 504 1575 welche
531 1515 626 1575 dieser
648 1515 833 1575 Erfindung
865 1512 950 1572 ihres
977 1512 1136 1572 Beyfalls
1174 1513 1221 1573 ge¬

204 1566 368 1626 würdiget
395 1563 517 1623 haben.
565 1563 671 1623 Unter
698 1563 820 1623 andern
852 1563 909 1623 hat
937 1561 1016 1621 diese
1048 1563 1223 1623 Maschine

207 1613 255 1673 den
287 1611 456 1671 besondern
494 1612 664 1672 Vortheil,
691 1610 744 1670 daß
776 1610 813 1670 sie
835 1613 925 1673 leicht
952 1613 1010 1673 von
1048 1616 1132 1676 einen
1159 1613 1222 1673 Ort

203 1663 257 1723 zum
302 1662 415 1722 andern
445 1661 593 1721 gebracht
613 1661 736 1721 werden
766 1661 864 1721 kann.

453 1712 655 1772 London,
682 1711 740 1771 vom
789 1715 852 1775 13.
885 1715 974 1775 Jan.

286 1757 374 1817 Man
425 1757 463 1817 ist
502 1758 574 1818 hier
619 1760 686 1820 mit
719 1757 774 1817 der
819 1760 963 1820 Marine
1003 1760 1224 1820 beschäfftigt,

203 1807 282 1867 weil
311 1809 504 1869 Frankreich
546 1808 602 1868 bey
648 1807 728 1867 allen
774 1808 985 1868 Bündnissen
1037 1808 1099 1868 mit
1134 1808 1230 1868 See¬

205 1856 343 1916 machten
377 1858 426 1918 sich
454 1858 631 1918 vorzüglich
660 1858 792 1918 Schiffe
815 1858 958 1918 stipulirt
987 1858 1047 1918 und
1076 1855 1158 1915 seine
1181 1853 1225 1913 ei¬

207 1909 281 1969 gene
308 1906 451 1966 Marine
473 1909 530 1969 auf
552 1906 636 1966 einen
664 1909 875 1969 respectablen
902 1906 971 1966 Fuß
998 1906 1029 1966 zu
1056 1906 1140 1966 setzen
1173 1906 1225 1966 be¬

208 1954 302 2014 flissen
329 1954 382 2014 ist.
430 1951 503 2011 Die
531 1954 625 2014 Lords
658 1956 710 2016 der
732 1957 953 2017 Admiralität
980 1957 1080 2017 haben
1118 1957 1218 2017 daher

208 2002 335 2062 Befehl
353 2002 425 2062 nach
453 2002 631 2062 Woolwich
661 2005 816 2065 gesandt,
839 2007 967 2067 sogleich
996 2008 1006 2068 2
1035 2008 1113 2068 neue
1136 2008 1230 2068 Krie¬

206 2049 374 2109 gesschiffe
396 2052 423 2112 zu
450 2052 575 2112 bauen.
624 2052 700 2112 Das
728 2052 798 2112 eine
820 2055 874 2115 von
913 2055 950 2115 90
983 2055 1141 2115 Kanonen
1168 2055 1227 2115 soll

207 2100 253 2160 die
279 2103 455 2163 Königin,
487 2102 543 2162 das
575 2103 693 2163 andere
725 2103 782 2163 von
813 2106 854 2166 74
886 2106 1046 2166 Kanonen
1077 2106 1211 2166 Canada

207 2151 345 2211 heissen.
393 2151 589 2211 Vorgestern
626 2151 713 2211 hatte
745 2151 796 2211 der
822 2154 987 2214 Marquis
1019 2154 1075 2214 von
1107 2154 1225 2214 Carac¬

207 2199 307 2259 cioli,
334 2202 599 2262 Sardinischer,
627 2202 685 2262 und
717 2201 764 2261 der
786 2202 871 2262 Herr
887 2202 945 2262 von
978 2205 1110 2265 Mello,
1137 2204 1226 2264 Por¬

210 2246 409 2306 tugiesischer
437 2249 636 2309 Abgesandte
664 2246 736 2306 ihre
759 2249 836 2309 erste
859 2252 1041 2312 öffentliche
1064 2255 1219 2315 Audienz.

208 2292 347 2352 Gestern
383 2297 486 2357 kamen
523 2300 605 2360 schon
642 2300 719 2360 viele
746 2300 911 2360 Bediente
937 2300 988 2360 des
1015 2303 1216 2363 Erbprinzen

209 2342 263 2402 von
296 2345 551 2405 Braunschweig
579 2350 665 2410 nebst
682 2351 768 2411 einem
807 2349 926 2409 großen
954 2351 1056 2411 Theil
1079 2354 1220 2414 Bagage

209 2395 234 2455 in
266 2393 606 2453 Sommersethause,
632 2401 704 2461 auch
741 2399 782 2459 ein
818 2399 942 2459 Courir
973 2399 1024 2459 von
1061 2402 1200 2462 Harwid

208 2440 272 2500 mit
294 2443 348 2503 der
370 2443 548 2503 Nachricht
565 2446 625 2506 an,
652 2446 706 2506 daß
733 2449 976 2509 hochgedachter
1004 2451 1112 2511 Prinz
1135 2452 1226 2512 selbi¬

212 2492 259 2552 gen
286 2490 428 2550 Morgen
450 2493 592 2553 glücklich
614 2494 666 2554 ans
688 2494 766 2554 Land
788 2497 919 2557 getreten
947 2498 1073 2558 wären.
1110 2503 1221 2563 Nach¬

207 2542 258 2602 dem
301 2539 352 2599 der
374 2539 519 2599 Königl.
535 2542 827 2602 Oberstallmeister
853 2548 910 2608 mit
931 2548 1014 2608 einer
1046 2548 1228 2608 Staatsca¬

208 2593 310 2653 rosse,
338 2589 467 2649 welcher
494 2588 510 2648 6
538 2590 650 2650 andere
673 2590 824 2650 Kutschen
862 2593 1007 2653 folgten,
1030 2598 1105 2658 nach
1127 2596 1213 2656 Essex

211 2641 418 2701 abgegangen
448 2638 540 2698 war,
564 2638 592 2698 so
616 2638 743 2698 langten
773 2638 841 2698 Se.
860 2643 1067 2703 Hochfürstl.
1079 2645 1223 2705 Durchl.

211 2691 302 2751 heute
325 2688 536 2748 Nachmittag
570 2686 624 2746 auf
641 2685 809 2745 gedachten
836 2688 956 2748 Palais
983 2690 1048 2750 an,
1076 2694 1135 2754 und
1168 2693 1227 2753 sol=

214 2742 253 2802 len
283 2741 334 2801 sich
358 2739 478 2799 bereits
508 2736 606 2796 diesen
635 2734 744 2794 Abend
774 2736 941 2796 incognito
971 2738 1045 2798 nach
1074 2739 1143 2799 St.
1161 2742 1229 2802 Jg¬

214 2792 281 2852 mes
304 2790 440 2850 erhoben
469 2784 593 2844 haben.
628 2784 701 2844 Die
724 2784 906 2844 Prinzeßin
935 2787 1064 2847 Amalia
1088 2788 1149 2848 sind
1173 2789 1223 2849 zur

213 2841 547 2901 Wiederherstellung
571 2835 655 2895 ihrer
672 2835 875 2895 Gesundheit
899 2837 961 2897 nach
979 2838 1063 2898 Bath
1086 2838 1232 2898 gereiset.

213 2888 290 2948 Der
311 2891 444 2951 Oberste
471 2886 625 2946 Martin,
647 2885 775 2945 welcher
797 2885 925 2945 letztens
957 2885 1018 2945 aus
1045 2888 1235 2948 Nordame¬

210 2939 277 2999 rika
300 2939 508 2999 gekommen,
532 2939 588 2999 hat
611 2938 656 2998 der
685 2936 786 2996 verw.
809 2936 990 2996 Prinzeßin
1019 2937 1074 2997 von
1098 2938 1221 2998 Wallis

209 2987 272 3047 mit
290 2990 371 3050 einem
406 2990 498 3050 Paar
522 2990 632 3050 junger
656 2987 807 3047 Jrokesen
842 2988 882 3048 ein
906 2990 1051 3050 Prasent
1069 2990 1230 3050 gemacht.
