2479 3508
1341 2267 1680 2327 Wechsel-Cours
1701 2267 1710 2327 &
1762 2272 1910 2332 Species
1943 2270 1981 2330 d.
1992 2270 2061 2330 10.
2082 2270 2192 2330 Febr.
2213 2275 2331 2335 1764.

1893 2315 1936 2375 71
1956 2324 2044 2384 Tage

1336 2318 1520 2378 Amsterdam
1554 2320 1593 2380 41
1613 2318 1698 2378 Tage
1719 2323 1843 2383 377gr.

2113 2326 2205 2386 58r.

1332 2368 1503 2428 Hamburg
1541 2363 1546 2423 3
1572 2365 1620 2425 W.
1633 2369 1688 2429 164
1720 2372 1768 2432 gr.

1909 2372 1923 2432 6
1954 2372 2005 2432 W.
2030 2372 2088 2432 163
2112 2375 2163 2435 gr.

1329 2414 1442 2474 Berlin

1808 2420 1953 2480 Dantzig

1330 2464 1469 2524 Ducaten
1501 2462 1580 2522 neue
1605 2462 1642 2522 11
1667 2464 1703 2524 fl.
1715 2467 1721 2527 8
1746 2470 1782 2530 gr

1885 2467 2014 2527 Alberts
2041 2467 2138 2527 Taler
2158 2469 2222 2529 165
2236 2471 2294 2531 gt.

1336 2512 1443 2572 Rubel
1461 2512 1471 2572 4
1496 2512 1529 2572 fl.
1541 2512 1574 2572 23
1598 2509 1648 2569 gr.

1814 2515 1869 2575 Alt
1883 2517 2025 2577 Polnisch
2051 2515 2119 2575 Geld
2144 2518 2181 2578 38
2200 2518 2249 2578 pr.
2263 2523 2336 2583 Cto.

1334 2563 1406 2623 Alte
1433 2563 1458 2623 1,
1478 2566 1510 2626 36
1544 2566 1589 2626 pr.
1603 2569 1726 2629 Cento.

1838 2572 2005 2632 Märcksch
2032 2572 2105 2632 Geld
2126 2576 2131 2636 8
2152 2579 2205 2639 pr.
2220 2581 2339 2641 Cento.

1380 2638 1494 2698 Diese
1503 2635 1679 2695 Zeitungen
1706 2642 1820 2702 werden
1848 2646 2005 2706 Montags
2033 2646 2085 2706 und
2112 2652 2261 2712 Freytags
2280 2653 2314 2713 um

339 2679 415 2739 Der
441 2679 600 2739 Marquis
627 2676 754 2736 Artici,
780 2676 907 2736 welcher
933 2679 1003 2739 hier
1029 2681 1073 2741 die
1093 2679 1297 2739 Angelegen=
1336 2688 1373 2748 10
1400 2687 1463 2747 Uhr
1489 2684 1693 2744 Vormittags
1719 2687 1744 2747 im
1783 2691 1993 2751 Kanterschen
2013 2697 2197 2757 Buchladen
2224 2702 2344 2762 ausge¬

1330 2736 1449 2796 geben,
1460 2731 1547 2791 allwo
1570 2730 1634 2790 auch
1657 2735 1722 2795 noch
1745 2738 1798 2798 von
1821 2742 1869 2802 den
1897 2741 2028 2801 hiesigen
2050 2747 2126 2807 resp.
2143 2748 2333 2808 Liebhabern

1337 2786 1381 2846 die
1407 2779 1695 2839 Prånumeration
1726 2787 1963 2847 angenommen
1999 2795 2100 2855 wird,
2136 2799 2342 2859 auswärtige

1341 2835 1414 2895 aber
1433 2830 1568 2890 belieben
1600 2832 1642 2892 sich
1668 2837 1797 2897 deshalb
1828 2838 1871 2898 bey
1896 2841 1951 2901 dem
1989 2847 2142 2907 Postamt
2155 2848 2241 2908 ihres
2261 2847 2340 2907 Orts

1338 2887 1372 2947 zu
1401 2879 1544 2939 melden.

1623 1431 2019 1491 AVERTISSEMENT.

1367 1472 1443 1532 Bey
1463 1474 1507 1534 dem
1546 1478 1699 1538 Verleger
1726 1479 1814 1539 dieser
1834 1482 1962 1542 Zeitung
1989 1482 2026 1542 ist
2046 1483 2078 1543 zu
2104 1482 2238 1542 haben:
2258 1479 2327 1539 Ge¬

1308 1519 1373 1579 rard
1406 1521 1617 1581 Meermanni
1636 1521 1739 1581 novus
1763 1527 1951 1587 Thesaurus
1970 1528 2049 1588 Juris
2069 1530 2171 1590 civilis
2191 1530 2200 1590 &
2233 1528 2327 1588 cano-

1315 1562 1411 1622 nici,
1434 1565 1542 1625 Tomi
1564 1566 1640 1626 VII.
1657 1566 1721 1626 fol.
1738 1569 1824 1629 maj.
1852 1572 1944 1632 Hagæ
1988 1578 2177 1638 751-753.
2206 1579 2270 1639 225
2298 1580 2335 1640 fl.

1318 1610 1470 1670 Oeuvres
1491 1610 1633 1670 diverses
1654 1611 1683 1671 de
1709 1616 1901 1676 Grecourt,
1921 1618 2074 1678 nouvelle
2094 1622 2252 1682 Edition,
2272 1621 2335 1681 IV.

1328 1658 1404 1718 Vol.
1422 1661 1454 1721 8.
1471 1661 1482 1721 à
1505 1661 1593 1721 Paris
1616 1664 1699 1724 763,
1721 1664 1760 1724 11
1788 1664 1820 1724 fl.
1871 1664 1987 1724 Wilh.
2010 1667 2104 1727 Pitts
2132 1667 2337 1727 Staatsver=

1318 1712 1464 1772 waltung
1492 1712 1513 1772 in
1541 1712 1600 1772 und
1628 1712 1725 1772 außer
1748 1715 2068 1775 Großbrittannien,
2091 1715 2128 1775 8,
2150 1715 2253 1775 Berl.
2265 1715 2324 1775 763

1318 1763 1334 1823 2
1363 1763 1401 1823 fl.
1418 1763 1456 1823 24
1485 1766 1540 1826 gr.
1585 1763 1801 1823 Bibliotheck
1830 1766 1885 1826 der
1913 1766 2035 1826 schönen
2069 1763 2323 1823 Wißenschaften

1324 1809 1384 1869 und
1412 1809 1462 1869 der
1485 1811 1585 1871 freyen
1619 1814 1757 1874 Künste,
1774 1817 1868 1877 10ter
1886 1817 2001 1877 Band,
2024 1814 2102 1874 1stes
2125 1811 2241 1871 Stück,
2253 1814 2324 1874 groß

1325 1860 1364 1920 8,
1382 1855 1489 1915 Leipz.
1501 1858 1585 1918 763,
1603 1858 1613 1918 1
1637 1861 1670 1921 fl.
1687 1861 1721 1921 24
1750 1866 1800 1926 gr.
1851 1868 1947 1928 Joh.
1965 1864 2054 1924 And.
2072 1861 2224 1921 Cramers
2253 1864 2326 1924 neue

1323 1903 1533 1963 Sammlung
1567 1906 1695 1966 einiger
1723 1912 1934 1972 Predigten,
1968 1914 2140 1974 besonders
2168 1909 2245 1969 über
2285 1911 2328 1971 die

1334 1954 1495 2014 Evangel.
1524 1956 1593 2016 2ter
1617 1958 1737 2018 Theil,
1761 1962 1836 2022 groß
1866 1965 1905 2025 8,
1929 1964 2131 2024 Copenhag.
2149 1962 2235 2022 763,
2258 1960 2269 2020 3
2299 1960 2339 2020 fl.

1334 2002 1556 2062 Graumanns
1585 2008 1733 2068 Tabellen
1767 2011 1824 2071 zur
1848 2011 2081 2071 Ausrechnung
2116 2011 2167 2071 des
2196 2005 2338 2065 Silbers

1327 2049 1385 2109 und
1417 2052 1544 2112 Goldes
1566 2054 1640 2114 nach
1662 2057 1715 2117 dem
1752 2056 1853 2116 feinen
1885 2058 2033 2118 Gehalt,
2067 2063 2135 2123 12,
2157 2058 2220 2118 mit
2237 2055 2342 2115 eigen¬

1333 2100 1489 2160 händiger
1506 2103 1717 2163 Unterschrift
1739 2103 1787 2163 des
1809 2106 2003 2166 Verlegers,
2016 2106 2026 2166 6
2048 2109 2085 2169 fl.
2113 2109 2182 2169 Der
2205 2106 2339 2166 Meyer¬

1329 2150 1413 2210 hof,
1436 2151 1481 2211 ein
1515 2150 1746 2210 musicalisches
1781 2151 1961 2211 Lustspiel,
2001 2160 2080 2220 ital.
2103 2160 2164 2220 und
2199 2160 2339 2220 deutsch,

1332 2196 1439 2256 Berl.
1454 2197 1541 2257 763,
1562 2199 1574 2259 1
1603 2200 1642 2260 fl.

1293 361 1339 421 ten
1374 360 1496 420 Catani
1520 360 1606 420 1000
1636 365 1757 425 Rthlr.
1776 366 1827 426 dem
1868 363 2054 423 Advocaten
2078 363 2153 423 Luti
2171 363 2223 423 und
2252 362 2315 422 Cu=

1293 410 1393 470 rialen
1433 409 1622 469 Cotamini,
1648 410 1698 470 die
1718 413 1800 473 seine
1826 415 1940 475 Sache
1972 410 2168 470 vertheidigt
2201 410 2314 470 haben,

1299 456 1386 516 jeden
1414 458 1482 518 600
1510 455 1632 515 Rthlr.
1647 461 1823 521 auszahlen
1852 464 1966 524 laßen.

1589 506 1776 566 Pillau,
1797 512 1849 572 den
1876 512 1916 572 8.
1931 512 2030 572 Febr.

1346 551 1428 611 Den
1457 554 1522 614 6ten
1556 551 1672 611 dieses,
1690 556 1877 616 Vormittag
1906 560 1999 620 gegen
2028 560 2060 620 10
2078 559 2166 619 Uhr,
2183 557 2310 617 wurden

1305 601 1363 661 wir
1391 601 1412 661 in
1445 602 1482 662 ein
1510 601 1780 661 unvermuthetes
1802 606 1974 666 Schrecken
2002 609 2125 669 gesetzt,
2137 608 2228 668 indem
2267 604 2309 664 ein

1305 652 1470 712 Gewölbe
1493 652 1515 712 im
1555 652 1648 712 Wall
1671 652 1776 712 hinter
1804 652 1853 712 dem
1893 655 2081 715 Zeughause
2114 658 2137 718 in
2176 655 2225 715 die
2248 655 2319 715 Luft

1299 702 1479 762 gesprengt
1501 703 1634 763 wurde,
1661 700 1805 760 wodurch
1837 701 1898 761 eine
1925 703 2084 763 Baraque
2110 706 2260 766 ruinirt,
2281 706 2322 766 4.

1299 751 1439 811 Stuben
1466 751 1522 811 zum
1559 751 1752 811 Bewohnen
1784 750 1924 810 gänzlich
1951 751 2179 811 unbrauchbar
2201 755 2263 815 und
2289 754 2315 814 in

1305 799 1358 859 den
1386 801 1521 861 übrigen
1554 801 1597 861 die
1619 800 1749 860 Fenster
1772 798 2005 858 zerschmettert
2027 799 2179 859 worden.
2233 802 2308 862 Von

1304 849 1357 909 den
1389 849 1399 909 3
1432 849 1639 909 Canoniers,
1661 849 1708 909 die
1730 849 1756 909 im
1794 846 1958 906 Gewölbe
1985 846 2176 906 gearbeitet,
2203 850 2261 910 sind
2288 852 2325 912 2.

1304 900 1333 960 zu
1364 894 1429 954 tode
1455 898 1632 958 geschlagen
1664 900 1724 960 und
1750 897 1800 957 der
1831 897 1881 957 3te
1907 895 1988 955 stark
2014 894 2221 954 verbrannt,
2247 899 2312 959 auch

1305 945 1320 1005 1
1343 944 1570 1004 Unterofficier
1587 948 1646 1008 und
1668 948 1679 1008 1
1706 945 1901 1005 Musquetir
1924 945 1983 1005 sehr
2000 942 2195 1002 beschädigt.
2233 946 2325 1006 Weil

1310 992 1357 1052 die
1384 990 1500 1050 Arbeit
1517 991 1543 1051 in
1575 995 1771 1055 Ausladung
1804 995 1857 1055 der
1884 992 2032 1052 Bomben
2065 991 2229 1051 bestanden
2262 994 2330 1054 hat,

1309 1045 1334 1105 so
1361 1038 1551 1098 vermuthet
1578 1043 1681 1103 man,
1707 1043 1758 1103 daß
1790 1043 1877 1103 durch
1904 1043 1955 1103 den
1987 1043 2058 1103 Fall
2080 1040 2162 1100 einer
2188 1040 2317 1100 Bombe

1304 1088 1364 1148 auf
1385 1087 1430 1147 der
1456 1086 1572 1146 andern
1604 1088 1638 1148 ein
1664 1091 1771 1151 Funke
1786 1093 1995 1153 entstanden,
2016 1091 2157 1151 wodurch
2183 1088 2223 1148 die
2244 1088 2330 1148 übri¬

1314 1136 1365 1196 gen
1396 1133 1545 1193 Bomben
1582 1136 1674 1196 nebst
1700 1136 1751 1196 dem
1798 1139 1916 1199 bereits
1952 1140 2168 1200 ausgefüllten
2205 1136 2312 1196 halben

1317 1181 1459 1241 Centner
1481 1181 1612 1241 Pulver
1639 1181 1665 1241 in
1692 1187 1913 1247 Entzündung
1940 1190 2108 1250 gerathen.
2146 1190 2188 1250 Zu
2215 1187 2304 1247 gutem

1317 1228 1422 1288 Glück
1447 1227 1507 1287 sind
1533 1228 1587 1288 vor
1613 1231 1728 1291 einigen
1759 1231 1865 1291 Tagen
1890 1234 1925 1294 12
1951 1234 2086 1294 Centner
2107 1234 2232 1294 Pulver
2252 1234 2317 1294 nach

1317 1278 1366 1338 dem
1412 1276 1644 1336 Pulverthurm
1695 1282 1841 1342 gebracht
1867 1279 2028 1339 worden,
2058 1282 2204 1342 wodurch
2240 1283 2330 1343 Gott

1315 1326 1401 1386 Lob!
1429 1327 1472 1387 ein
1501 1330 1653 1390 größeres
1682 1330 1806 1390 Unheil
1823 1333 2025 1393 abgewandt
2048 1332 2195 1392 worden.

242 363 346 423 nische
379 362 556 422 Gesandte
589 363 654 423 auf
688 360 805 420 gleiche
832 358 943 418 Weise
977 360 1028 420 sich
1075 360 1245 420 benehmen

249 413 401 473 dörften.

521 458 717 518 London,
742 458 804 518 vom
844 458 907 518 20.
932 458 1025 518 Jan.

305 506 376 566 Der
403 508 507 568 Prinz
533 508 591 568 und
625 509 676 569 die
697 508 879 568 Prinzeßin
912 504 971 564 von
997 506 1257 566 Braunschweig

248 560 408 620 eröfneten
441 557 491 617 den
519 554 619 614 Ball,
636 554 685 614 der
708 554 757 614 den
785 554 873 614 17ten
907 552 957 612 bey
980 554 1201 614 Gelegenheit
1218 554 1245 614 ih

247 607 300 667 rer
328 604 556 664 Vermählung
583 603 615 663 zu
637 601 708 661 St.
725 603 844 663 James
871 601 1006 661 gegeben
1034 601 1159 661 wurde.
1186 601 1261 661 Der

252 655 359 715 König
387 655 447 715 und
474 653 522 713 die
545 652 691 712 Königin
719 652 892 712 erschienen
920 651 957 711 um
1006 649 1017 709 8
1044 652 1115 712 Uhr
1137 652 1272 712 darauf,

252 706 312 766 und
341 703 479 763 begaben
508 703 557 763 sich
580 703 674 763 gegen
702 702 746 762 11
774 700 840 760 Uhr
864 699 957 759 weg,
980 700 1040 760 und
1080 700 1113 760 um
1158 700 1174 760 1
1197 700 1262 760 Uhr

247 754 302 814 des
337 754 503 814 Morgens
532 751 626 811 hatte
655 748 704 808 der
727 748 816 808 Ball
839 747 900 807 sein
928 746 1039 806 Ende.
1096 748 1262 808 Niemals

252 801 324 861 aber
347 801 385 861 ist
402 801 452 861 der
475 801 547 861 Hof
570 798 591 858 so
614 796 831 856 schimmernd
859 795 920 855 und
949 795 1099 855 zahlreich
1127 795 1260 855 gewesen

247 852 295 912 als
323 849 372 909 den
405 849 465 909 18.
482 849 536 909 bey
564 846 612 906 der
640 844 891 904 Geburtsfeyer
913 845 967 905 der
989 846 1158 906 Königin.
1202 844 1245 904 Um

247 900 257 960 1
291 900 355 960 Uhr
383 897 618 957 Nachmittags
651 894 781 954 wurden
820 894 880 954 alle
908 894 1065 954 Kanonen
1104 894 1131 954 im
1175 894 1240 954 Tou

257 948 319 1008 und
348 947 437 1007 Parc
466 945 590 1005 gelöst,
613 945 663 1005 des
698 945 828 1005 Abends
862 945 929 1005 war
964 942 1019 1002 auf
1043 942 1093 1002 dem
1139 945 1262 1005 Schloß

255 994 346 1054 Ball
369 994 428 1054 und
451 995 679 1055 Freudenfeste
702 994 788 1054 durch
821 992 870 1052 die
893 992 996 1052 ganze
1018 992 1148 1052 Stadt.
1193 990 1273 1050 Der

255 1043 346 1103 Ball
363 1043 493 1103 dauerte
515 1041 563 1101 bis
586 1041 596 1101 1
618 1043 683 1103 Uhr
705 1042 775 1102 nach
797 1040 1035 1100 Mitternacht.
1069 1040 1144 1100 Den
1172 1040 1263 1100 19ten

260 1094 438 1154 beschlossen
477 1092 519 1152 die
553 1091 666 1151 beyden
699 1088 823 1148 Häuser
856 1088 910 1148 des
933 1090 1181 1150 Parlements,
1204 1088 1273 1148 ihre

260 1142 606 1202 Glückwünschungen
639 1139 699 1199 zur
721 1138 953 1198 Vermählung
987 1139 1035 1199 des
1068 1139 1268 1199 Erbprinzen

260 1190 476 1250 abzustatten.
530 1190 676 1250 Hierauf
698 1187 779 1247 nahm
828 1185 887 1245 das
909 1184 1104 1244 Unterhaus
1137 1184 1185 1244 die
1213 1180 1277 1240 Un¬

261 1237 446 1297 tersuchung
482 1234 537 1294 von
573 1234 628 1294 den
663 1231 794 1291 Sachen
830 1231 879 1291 des
915 1228 1020 1288 Herrn
1046 1228 1171 1288 Wilkes
1202 1225 1277 1285 vor.

262 1288 333 1348 Die
362 1285 538 1345 Meynung
561 1281 677 1341 selbige
706 1279 749 1339 bis
778 1279 832 1339 auf
855 1279 910 1339 den
938 1279 1055 1339 andern
1077 1276 1143 1336 Tag
1172 1273 1282 1333 aufzu¬

266 1339 434 1399 schieben,
461 1336 566 1396 wurde
593 1330 804 1390 verworfen,
831 1328 888 1388 und
926 1329 999 1389 nach
1026 1327 1110 1387 einer
1132 1326 1284 1386 Berath=

262 1385 461 1445 schlagung,
489 1384 533 1444 die
556 1381 605 1441 bis
639 1381 649 1441 2
683 1381 749 1441 Uhr
767 1381 1005 1441 Nachmittags
1033 1378 1188 1438 dauerte,
1211 1377 1282 1437 Jo¬

267 1433 347 1493 hann
380 1431 505 1491 Wilkes
532 1428 576 1488 als
603 1428 771 1488 Verfasser
794 1428 853 1488 und
881 1428 1113 1488 Herausgeber
1142 1426 1195 1486 des
1217 1427 1282 1487 45.

267 1480 391 1540 Stuͤcks
414 1479 435 1539 im
474 1476 730 1536 North=Breton
758 1476 954 1536 verurtheilt
976 1477 1035 1537 und
1058 1476 1150 1536 seiner
1173 1474 1281 1534 Stelle

265 1533 292 1593 im
332 1530 538 1590 Unterhause
561 1527 711 1587 verlustig
734 1524 873 1584 erklärt.

537 1574 712 1634 Paris,
741 1572 798 1632 den
838 1570 900 1630 20.
930 1569 1020 1629 Jan.

317 1619 398 1679 Der
430 1622 537 1682 König
575 1622 631 1682 hat
657 1619 745 1679 durch
783 1615 827 1675 ein
859 1616 959 1676 Arrer
985 1615 1041 1675 vom
1092 1612 1161 1672 2ten
1187 1608 1286 1668 dieses

277 1672 426 1732 Monats
459 1670 508 1730 die
531 1667 686 1727 Ausfuhr
714 1664 769 1724 des
797 1664 1007 1724 Getreydes,
1041 1664 1184 1724 Bohnen
1223 1660 1283 1720 und

276 1722 393 1782 übrige
423 1719 676 1779 Hülsenfrüchte
700 1715 729 1775 in
771 1715 847 1775 allen
883 1718 988 1778 Häfen
1024 1715 1124 1775 dieses
1160 1715 1289 1775 König¬

274 1768 376 1828 reichs
403 1769 485 1829 ohne
506 1767 707 1827 Unterscheid
738 1765 882 1825 erlaubt.

323 1815 399 1875 Der
419 1819 553 1879 jüngere
580 1816 663 1876 Herr
690 1814 856 1874 Coupson,
876 1814 1075 1874 Uhrmacher
1102 1811 1127 1871 zu
1160 1811 1287 1871 Paris,

272 1867 467 1927 überreichte
489 1864 521 1924 am
560 1864 652 1924 10ten
680 1864 772 1924 dieses
800 1861 848 1921 dem
887 1859 1017 1919 Könige
1039 1858 1109 1918 eine
1132 1857 1207 1917 neue
1224 1854 1289 1914 Ta¬

271 1916 461 1976 schen=Uhr,
483 1912 529 1972 die
550 1912 580 1972 er
602 1912 756 1972 erfunden
783 1910 840 1970 und
866 1909 979 1969 welche
1006 1904 1062 1964 wie
1083 1903 1279 1963 gewöhnlich

274 1966 331 2026 aus
358 1963 435 2023 fünf
457 1958 587 2018 Rådern
613 1957 748 2017 besteht,
775 1954 822 2014 wo
849 1954 921 2014 aber
942 1954 1030 2014 durch
1063 1954 1125 2014 eine
1152 1953 1292 2013 einfache

266 2011 372 2071 Feder
405 2008 452 2068 die
485 2005 602 2065 Stelle
629 2002 677 2062 des
704 2002 870 2062 Kastens,
897 2003 950 2063 der
972 2003 1206 2063 Hauptfeder,
1233 2002 1286 2062 der

272 2058 366 2118 Kette
389 2055 450 2115 und
473 2052 623 2112 Spindel
646 2052 745 2112 ersetzt
768 2051 829 2111 und
858 2050 901 2110 die
919 2052 1080 2112 Wirkung
1103 2049 1197 2109 dieser
1220 2049 1292 2109 ver¬

282 2109 452 2169 schiedenen
481 2103 624 2163 Theile,
647 2103 729 2163 ohne
752 2101 818 2161 ihre
840 2103 1194 2163 Unbequemlichkeiten
1222 2097 1294 2157 ver¬

271 2160 374 2220 einigt
397 2154 494 2214 wird.
549 2153 630 2213 Das
653 2149 744 2209 Werk
767 2151 859 2211 selbst
881 2151 957 2211 wird
985 2151 1044 2211 auf
1061 2151 1098 2211 24
1126 2148 1278 2208 Stunden

277 2205 365 2265 ohne
387 2205 569 2265 Schlüssel,
587 2199 674 2259 durch
703 2199 752 2259 den
781 2197 885 2257 bloßen
918 2199 1023 2259 Druck
1052 2199 1134 2259 eines
1162 2196 1294 2256 Stifts,

277 2255 475 2315 dergleichen
504 2252 549 2312 die
572 2246 815 2306 Repetiruhren
845 2246 962 2306 haben,
980 2249 1195 2309 aufgezogen.

571 2295 731 2355 Lucca,
759 2294 812 2354 den
844 2294 881 2354 2.
903 2294 994 2354 Jan.

340 2345 433 2405 Weil
450 2348 496 2408 die
521 2348 749 2408 Graubünder
774 2342 829 2402 mit
853 2342 1041 2402 gewafneter
1066 2345 1152 2405 Hand
1177 2345 1199 2405 in
1232 2341 1286 2401 das

290 2397 537 2457 Mayländische
565 2393 688 2453 Gebiet
711 2393 921 2453 gekommen;
949 2393 975 2453 so
1003 2393 1040 2453 ist
1062 2393 1105 2453 ein
1143 2391 1294 2451 detachir¬

276 2440 323 2500 tes
345 2443 446 2503 Corps
473 2443 525 2503 der
547 2443 706 2503 Herzogl.
717 2443 872 2503 Truppen
904 2440 994 2500 gegen
1021 2440 1058 2500 sie
1080 2442 1105 2502 im
1143 2440 1292 2500 Marsch.

276 2488 352 2548 Der
375 2489 598 2549 Großkanzler
626 2491 680 2551 von
702 2491 860 2551 Rußland
888 2491 958 2551 halt
975 2491 1023 2551 sich
1051 2491 1122 2551 noch
1150 2491 1176 2551 in
1204 2488 1285 2548 Pisa

286 2539 366 2599 auf,
396 2536 442 2596 wo
471 2536 523 2596 der
552 2536 656 2596 dasige
686 2538 766 2598 Adel
791 2539 842 2599 sich
878 2542 993 2602 Mühe
1022 2542 1109 2602 giebt
1133 2542 1184 2602 ihm
1231 2539 1277 2599 all

286 2587 437 2647 mögliche
461 2581 742 2641 Ergötzlichkeiten
772 2587 800 2647 zu
830 2587 1039 2647 verschaffen.

514 2632 653 2692 Rom,
681 2632 731 2692 den
765 2632 826 2692 31.
854 2633 943 2693 Dec.
960 2637 1066 2697 1763.

284 2733 387 2793 heiten
420 2730 469 2790 des
497 2727 622 2787 Grafen
655 2724 709 2784 von
737 2724 955 2784 Oultremont
977 2727 1124 2787 besorgt,
1152 2729 1211 2789 hat
1228 2729 1277 2789 dem

292 2787 399 2847 Pabst
423 2781 467 2841 den
502 2775 614 2835 Baron
643 2772 699 2832 von
722 2772 914 2832 Storckheim
960 2772 1004 2832 als
1028 2775 1208 2835 Gesandten
1237 2775 1287 2835 von

286 2835 405 2895 Lüttich
434 2826 633 2886 vorgestellt.
673 2823 746 2883 Der
770 2822 861 2882 Graf
879 2823 935 2883 von
959 2822 1186 2882 Oultremont,
1204 2826 1294 2886 deßen

279 2882 388 2942 Wahl
402 2882 456 2942 zum
491 2876 642 2936 Bisthum
677 2873 806 2933 bestätig
834 2870 985 2930 worden,
1000 2870 1060 2930 hat
1075 2870 1122 2930 dem
1157 2873 1300 2933 Advoca=
