2479 3508
1200 646 1253 706 das
1285 649 1478 709 Merkmal,
1503 649 1557 709 daß
1594 646 1625 706 es
1662 649 1928 709 unterirrdisches
1953 649 2081 709 Wasser
2112 650 2220 710 gewe¬

1204 695 1272 755 sen.
1325 697 1398 757 Aus
1426 697 1521 757 vielen
1548 694 1679 754 Bergen
1706 694 1859 754 ströhmet
1886 696 1960 756 noch
1993 697 2050 757 das
2077 694 2219 754 Wasser,

1204 745 1335 805 wiewol
1362 745 1446 805 nicht
1473 745 1494 805 in
1531 745 1646 805 solcher
1679 745 1805 805 Menge
1832 743 1968 803 hervor.
2021 742 2094 802 Der
2127 743 2216 803 Hör¬

1198 792 1360 852 leinsberg
1388 794 1464 854 beym
1508 792 1633 852 Kloster
1655 792 1818 852 Neustadt
1841 792 1878 852 ist
1900 792 1921 852 so
1944 792 2020 852 weit
2037 792 2215 852 gespalten,

1202 840 1255 900 daß
1282 841 1350 901 man
1382 841 1424 901 ein
1451 843 1621 903 geraumes
1642 842 1732 902 Haus
1759 843 1864 903 darein
1897 843 1981 903 setzen
2008 840 2135 900 könnte,
2146 841 2203 901 und

1203 892 1230 952 zu
1264 890 1452 950 Röttelbach
1474 891 1512 951 ist
1535 891 1573 951 ein
1601 891 1706 951 Stück
1729 889 1778 949 vom
1817 891 1922 951 Berge
1944 891 2005 951 mit
2028 891 2066 951 17
2089 891 2199 951 großen

1205 939 1420 999 Eichbäumen
1454 939 1475 999 in
1504 939 1553 999 die
1575 939 1685 999 Ebene
1702 939 1890 999 gesunken,
1918 939 1962 999 wo
1995 939 2028 999 es
2056 942 2089 1002 zu
2111 939 2210 999 jeder¬

1379 1037 1708 1097 Donaustrom,
1742 1035 1801 1095 vom
1850 1037 1914 1097 19.
1942 1037 2033 1097 Jan.

1246 1082 1332 1142 Laut
1348 1088 1542 1148 öffentlichen
1571 1085 1781 1145 Nachrichten
1814 1082 1878 1142 sind
1912 1085 1965 1145 bey
1998 1085 2046 1145 der
2079 1085 2111 1145 am
2155 1087 2214 1147 14.

1205 1130 1301 1190 dieses
1324 1133 1350 1193 zu
1367 1136 1583 1196 Regensburg
1605 1133 1653 1193 bey
1675 1133 1723 1193 dem
1762 1133 2015 1193 Salzburgschen
2038 1133 2134 1193 Herrn
2151 1132 2215 1192 Di¬

1204 1184 1521 1244 rectorialgesandten
1549 1184 1733 1244 gehaltenen
1761 1183 1898 1243 zweyten
1931 1184 2110 1244 fürstlichen
2132 1179 2216 1239 Con¬

1195 1228 1325 1288 ferenz,
1343 1231 1445 1291 wobey
1473 1231 1527 1291 der
1555 1231 1772 1291 Erzherzogl.
1789 1228 2050 1288 Oesterreichsche
2072 1228 2219 1288 Gesand¬

1199 1276 1230 1336 te
1252 1276 1415 1336 Freyherr
1442 1276 1495 1336 von
1527 1276 1769 1336 Buchenberg,
1808 1279 1854 1339 als
1881 1276 2003 1336 Fürstl.
2024 1273 2214 1333 Constanzi¬

1198 1319 1282 1379 scher
1306 1318 1464 1378 erschien,
1483 1319 1530 1379 die
1549 1321 1675 1381 meisten
1703 1321 1843 1381 Monita
1867 1321 1899 1381 ad
1928 1321 2194 1381 Capitulationem

1197 1360 1248 1420 des
1280 1360 1310 1420 zu
1341 1363 1563 1423 erwählenden
1594 1365 1784 1425 Römischen
1816 1366 1944 1426 Königs
1976 1369 2115 1429 reglirt,
2141 1372 2197 1432 und

1195 1404 1277 1464 wird
1303 1406 1370 1466 man
1402 1407 1567 1467 nachstens
1594 1410 1644 1470 den
1676 1413 1851 1473 beliebigen
1879 1416 2002 1476 Modum
2038 1416 2116 1476 diese
2137 1418 2214 1478 Mo¬

1197 1453 1265 1513 nita
1292 1452 1323 1512 ad
1356 1458 1519 1518 Collegium
1563 1461 1748 1521 Electorale
1770 1463 1795 1523 zu
1822 1461 1981 1521 bringen,
1997 1467 2209 1527 vernehmen.

1202 1499 1268 1559 Die
1290 1506 1413 1566 neueste
1439 1509 1573 1569 Wiener
1594 1512 1806 1572 Nachrichten
1843 1512 2023 1572 vermelden
2055 1515 2106 1575 die
2127 1512 2214 1572 Ver¬

1196 1557 1351 1617 mählung
1380 1558 1429 1618 des
1458 1563 1585 1623 Fürsten
1625 1563 1680 1623 von
1708 1563 1886 1623 Bathiani
1903 1563 1941 1623 rc.
1970 1563 2031 1623 mit
2053 1563 2108 1623 der
2137 1560 2209 1620 ver¬

1199 1608 1368 1668 wittweten
1403 1609 1521 1669 Gråfin
1545 1613 1601 1673 von
1630 1613 1783 1673 Erdödy,
1806 1613 1964 1673 gebornen
1993 1612 2112 1672 Gräfin
2141 1613 2197 1673 von

1199 1660 1380 1720 Bathiani
1399 1661 1446 1721 rc.

1463 1711 1624 1771 Haag,
1655 1712 1708 1772 den
1757 1715 1821 1775 25.
1853 1715 1941 1775 Jan.

1248 1757 1327 1817 Der
1356 1757 1469 1817 Ritter
1498 1757 1553 1817 von
1588 1760 1729 1820 Yorke,
1764 1763 2075 1823 außerordentlicher
2110 1760 2216 1820 Abge¬

1204 1805 1329 1865 sandter
1351 1805 1411 1865 und
1436 1808 1755 1868 Bevollmächtigter
1781 1808 1831 1868 des
1857 1810 1988 1870 Königs
2019 1808 2074 1868 von
2106 1808 2216 1868 Groß¬

1192 1852 1404 1912 britannien,
1420 1852 1591 1912 notificirte
1617 1855 1667 1915 den
1703 1855 1763 1915 23.
1779 1858 1829 1918 den
1855 1858 2123 1918 Generalstaaten
2149 1855 2214 1915 die¬

1200 1900 1243 1960 ser
1271 1897 1437 1957 Republik
1460 1900 1504 1960 die
1527 1903 1759 1963 Vermählung
1788 1903 1837 1963 der
1859 1906 2042 1966 Prinzeßin
2064 1906 2203 1966 Augusta

1197 1946 1251 2006 von
1282 1943 1428 2003 England
1454 1948 1513 2008 mit
1529 1948 1579 2008 dem
1615 1950 1816 2010 Erbprinzen
1847 1954 1902 2014 von
1933 1954 2209 2014 Braunschweig,

1193 1996 1251 2056 und
1273 1990 1431 2050 denselben
1459 1993 1522 2053 Tag
1544 1996 1622 2056 legte
1639 1996 1686 2056 bey
1709 2001 1756 2061 ihm
1788 1999 1867 2059 Herr
1889 2002 1973 2062 Cau,
1979 2002 2207 2062 Wochhalten¬

1192 2041 1246 2101 der
1266 2035 1439 2095 President
1459 2037 1483 2097 im
1523 2040 1656 2100 Namen
1686 2043 1735 2103 der
1761 2043 1913 2103 Provinz
1938 2046 2091 2106 Seeland
2121 2046 2195 2106 dazu

1202 2091 1304 2151 Glück
1325 2085 1356 2145 zu
1382 2083 1541 2143 wünschen
1573 2085 1655 2145 einen
1687 2087 1867 2147 feyerlichen
1893 2089 2012 2149 Besuch
2043 2090 2073 2150 ab
2120 2088 2197 2148 Das

1197 2136 1377 2196 vermählte
1395 2130 1475 2190 hohe
1499 2131 1592 2191 Paar
1616 2133 1691 2193 wird
1720 2136 1766 2196 den
1796 2138 1859 2198 28.
1877 2139 1970 2199 Jan.
1988 2139 2045 2199 von
2069 2136 2197 2196 London

1198 2185 1333 2245 abreisen
1362 2178 1418 2238 und
1447 2180 1498 2240 sich
1521 2184 1537 2244 3
1566 2184 1650 2244 Tage
1674 2186 1702 2246 in
1731 2187 1861 2247 unserer
1884 2188 1997 2248 Stadt
2015 2192 2206 2252 aufhalten.

1199 2230 1269 2290 Der
1291 2229 1404 2289 Baron
1437 2230 1490 2290 von
1518 2234 1652 2294 Rheden
1685 2240 1836 2300 erwartet
1853 2240 1939 2300 Ihro
1967 2243 2122 2303 Hoheiten
2150 2243 2203 2303 all¬

1198 2282 1266 2342 hie,
1283 2278 1317 2338 um
1357 2280 1629 2340 Höchstdieselben
1658 2290 1725 2350 nach
1754 2291 2009 2351 Braunschweig
2033 2291 2066 2351 zu
2095 2291 2213 2351 beglei¬

1193 2328 1266 2388 ten.
1328 2324 1408 2384 Der
1431 2336 1685 2396 Hannöversche
1708 2339 1884 2399 Hoffourir
1907 2340 1991 2400 Herr
2015 2339 2195 2399 Fortmann

1199 2375 1234 2435 ist
1258 2375 1281 2435 in
1305 2377 1441 2437 gleicher
1465 2384 1588 2444 Absicht
1613 2387 1671 2447 mit
1689 2387 1777 2447 einem
1825 2387 1937 2447 großen
1973 2386 2114 2446 Gefolge
2138 2388 2190 2448 von

1200 2423 1383 2483 Bedienten
1417 2432 1482 2492 und
1505 2435 1677 2495 Equipage
1706 2437 1961 2497 angekommen.
2012 2433 2073 2493 Ein
2107 2435 2206 2495 Theil

1196 2470 1297 2530 davon
1328 2474 1388 2534 hat
1407 2478 1436 2538 er
1467 2482 1497 2542 zu
1528 2482 1654 2542 Utrecht
1678 2485 1841 2545 gelassen,
1865 2485 1943 2545 weil
1962 2482 2052 2542 Ihro
2077 2485 2203 2545 Hohei¬

1190 2518 1238 2578 ten
1277 2524 1412 2584 daselbst
1435 2533 1630 2593 durchreisen
1669 2533 1815 2593 werden.
1864 2530 1940 2590 Von
1968 2533 2016 2593 dem
2060 2533 2212 2593 Ceremo¬

1195 2571 1282 2631 niel,
1308 2580 1437 2640 welches
1463 2581 1509 2641 die
1531 2581 1737 2641 auswärtige
1763 2581 1799 2641 an
1835 2578 1887 2638 dem
1929 2581 2207 2641 Großbrittanni¬

1192 2623 1269 2683 schen
1308 2626 1391 2686 Hofe
1425 2629 1474 2689 sich
1508 2631 1691 2691 befindliche
1714 2629 1897 2689 Ministers
1931 2631 1991 2691 mit
2019 2632 2069 2692 dem
2119 2632 2202 2692 Erb¬

1198 2673 1324 2733 prinzen
1353 2675 1407 2735 von
1436 2679 1696 2739 Braunschweig
1719 2679 1746 2739 zu
1774 2676 1957 2736 beobachten
1991 2679 2112 2739 haben,
2130 2679 2201 2739 will

1194 2719 1260 2779 man
1299 2722 1326 2782 so
1355 2724 1421 2784 viel
1449 2727 1581 2787 wissen,
1610 2727 1665 2787 daß
1699 2727 1748 2787 der
1782 2727 1981 2787 französische
2014 2727 2197 2787 Gesandte,

1194 2768 1285 2828 Graf
1307 2772 1361 2832 von
1394 2775 1540 2835 Guerchy
1578 2775 1637 2835 von
1670 2773 1767 2833 seinem
1811 2775 1897 2835 Hofe
1919 2775 1973 2835 den
2006 2773 2130 2833 Befehl
2152 2775 2195 2835 er¬

1193 2823 1325 2883 halten,
1352 2823 1405 2883 bey
1432 2826 1591 2886 gedachten
1623 2823 1820 2883 Erbprinzen
1863 2823 1910 2883 den
1947 2823 2038 2883 ersten
2070 2822 2191 2882 Besuch

1193 2872 1279 2932 nicht
1297 2873 1511 2933 abzustatten,
1535 2876 1598 2936 und
1627 2875 1679 2935 daß
1709 2873 1761 2933 der
1785 2873 1987 2933 Kayserliche
2017 2870 2074 2930 und
2104 2873 2201 2933 Spa=

2085 2924 2194 2984 nische

1194 362 1255 422 an,
1275 363 1336 423 und
1355 363 1548 423 versprechen
1580 363 1641 423 uns
1666 363 1722 423 für
1747 363 1790 423 die
1809 366 2058 426 Zufriedenheit
2083 360 2207 420 unserer

1198 413 1281 473 Leser
1310 413 1454 473 mehrere
1488 410 1655 470 Beyträge
1689 410 1750 470 von
1784 410 1834 470 der
1862 413 2085 473 Gefälligkeit
2108 411 2202 471 dieses

1203 464 1450 524 scharfsinnigen
1480 461 1531 521 und
1561 461 1714 521 gelehrten
1751 461 1933 521 Gönners.

393 643 589 703 Berlin,
612 649 668 709 den
702 649 740 709 4.
769 649 937 709 Februar.

208 691 288 751 Der
316 694 613 754 außerordentliche
641 694 846 754 Abgesandte
868 694 1003 754 Achmet
1025 694 1176 754 Effendi,

160 739 316 799 vertreibt
339 742 387 802 sich
415 742 480 802 hier
508 745 550 805 die
578 745 648 805 Zeit
666 742 725 802 auf
747 744 812 804 eine
834 744 904 804 sehr
921 743 1073 803 nützliche
1095 745 1170 805 Art.

160 786 208 846 Er
235 789 353 849 besucht
375 792 483 852 unsere
505 792 709 852 vornehmste
731 792 903 852 Fabriken,
925 791 1038 851 unsere
1060 791 1146 851 Buch

159 840 386 900 druckereyen,
412 843 473 903 und
501 840 686 900 überhaupt
707 840 779 900 alles
811 841 1002 901 dasjenige,
1028 840 1095 900 was
1121 840 1167 900 ge¬

157 891 343 951 meiniglich
370 891 416 951 die
443 889 733 949 Aufmerksamkeit
754 888 837 948 eines
868 888 1076 948 neugierigen
1107 890 1164 950 und

163 939 378 999 aufgeklärten
411 939 584 999 Ministers
612 939 643 999 zu
666 939 833 999 verdienen
860 939 979 999 pflegt.
1033 939 1173 999 Verwi¬

158 987 268 1047 chenen
300 989 473 1049 Mittwoch
505 987 594 1047 besah
632 987 663 1047 er
690 987 747 1047 das
780 987 895 1047 hiesige
922 990 1000 1050 neue
1022 987 1164 1047 Königl.
1201 987 1322 1047 manns
1349 990 1622 1050 Verwunderung
1649 989 1717 1049 noch
1744 989 1796 1049 zur
1823 990 1933 1050 Schau
1960 990 2055 1050 liegt.

159 1039 413 1099 Arbeitshaus,
439 1037 501 1097 und
538 1037 584 1097 die
606 1034 693 1094 darin
730 1035 916 1095 befindliche
943 1037 1083 1097 Kirche,
1109 1034 1171 1094 wo¬

163 1085 254 1145 selbst
276 1087 308 1147 er
336 1085 395 1145 von
428 1085 476 1145 dem
525 1085 643 1145 dasigen
688 1084 877 1144 Prediger,
904 1085 1006 1145 Herrn
1045 1083 1169 1143 Kohle,

162 1133 221 1193 mit
242 1135 327 1195 einer
348 1133 499 1193 Anrede,
525 1133 584 1193 und
610 1133 746 1193 hierauf
772 1133 831 1193 mit
862 1133 983 1193 einigen
1009 1130 1154 1190 musicali

159 1181 236 1241 schen
278 1182 422 1242 Stücken
459 1181 515 1241 auf
537 1181 588 1241 der
620 1181 749 1241 Orgel,
776 1181 1014 1241 bewillkommt
1040 1181 1169 1241 wurde.

157 1229 202 1289 Am
243 1231 486 1291 Donnerstage
512 1228 705 1288 überreichte
731 1229 817 1289 Herr
838 1231 959 1291 Euler,
980 1231 1025 1291 der
1051 1228 1167 1288 Vater,

159 1278 210 1338 bey
242 1278 288 1338 der
320 1279 532 1339 ordentlichen
564 1276 709 1336 Sitzung
746 1278 797 1338 der
829 1279 974 1339 Königl.
995 1276 1166 1336 Academie

161 1327 210 1387 der
240 1324 535 1384 Wissenschaften,
565 1324 594 1384 im
644 1324 771 1384 Namen
811 1321 859 1381 des
895 1321 1081 1381 Verfassers
1116 1321 1155 1381 ein

156 1370 253 1430 neues
278 1366 375 1426 Werk
404 1369 455 1429 des
489 1366 592 1426 Herrn
625 1365 793 1425 Bianchi,
828 1363 963 1423 Lehrers
996 1363 1047 1423 der
1071 1360 1151 1420 Arze

162 1414 425 1474 neygelahrtheit
446 1410 471 1470 zu
503 1410 657 1470 Rimini,
684 1410 761 1470 über
793 1407 895 1467 einige
922 1407 994 1467 sehr
1020 1407 1164 1467 seltsame

162 1458 453 1518 Muschelschaalen
486 1458 548 1518 mit
576 1458 628 1518 den
671 1455 745 1515 dazu
788 1455 957 1515 gehörigen
1000 1455 1169 1515 Kupfern.

153 1512 307 1572 Hierauf
335 1509 445 1569 verlas
479 1507 572 1567 Herr
601 1506 805 1566 Bernouilli
833 1506 898 1566 eine
932 1506 1153 1566 Abhandlung

153 1562 231 1622 über
253 1560 303 1620 den
337 1560 432 1620 Grad
460 1557 510 1617 der
533 1557 800 1617 Ausdehnung,
834 1557 946 1617 welche
974 1557 1018 1617 ein
1052 1557 1152 1617 Faden

160 1613 256 1673 leiden
284 1610 359 1670 kann
387 1608 435 1668 bis
463 1608 490 1668 er
512 1610 630 1670 bricht.
658 1610 793 1670 Gestern
820 1610 945 1670 reiseten
978 1609 1026 1669 des
1054 1610 1156 1670 Herrn

160 1661 463 1721 Staatsministers
497 1661 550 1721 von
589 1661 860 1721 Schlaberndorf
888 1661 1049 1721 Excellenz
1088 1661 1158 1721 nach

160 1715 310 1775 Breslau
345 1712 472 1772 zurück.

245 1762 441 1822 Wehrau
470 1760 493 1820 in
522 1760 573 1820 der
597 1757 811 1817 Oberlausitz,
829 1754 880 1814 den
910 1754 967 1814 30.
991 1754 1077 1814 Jan.

207 1811 319 1871 Heute
342 1811 376 1871 ist
394 1810 450 1870 auf
473 1805 603 1865 hiesigen
632 1805 755 1865 Schloß
785 1802 829 1862 die
852 1802 1084 1862 Vermählung
1113 1804 1163 1864 des

159 1859 265 1919 Herrn
295 1858 431 1918 Johann
468 1852 627 1912 Christian
664 1849 711 1909 des
747 1849 794 1909 H.
818 1847 866 1907 R.
890 1846 937 1906 R.
967 1849 1091 1909 Grafen
1127 1852 1156 1912 zu

159 1909 291 1969 Solms
315 1907 378 1967 und
402 1902 617 1962 Tecklenburg
641 1894 681 1954 rc.
710 1894 768 1954 mit
791 1894 844 1954 der
868 1894 948 1954 Frau
978 1899 1168 1959 Wilhelmi¬

154 1959 210 2019 nen
245 1957 375 2017 Louisen
410 1946 642 2006 Constantinen
677 1942 909 2002 verwittweten
939 1942 1057 2002 Gräfin
1098 1948 1154 2008 von

159 2005 359 2065 Promnitz,
385 1993 540 2053 gebornen
573 1990 695 2050 Gräfin
721 1988 772 2048 zur
799 1989 1102 2049 Lippe=Bisterfeld
1128 1996 1172 2056 rc.

157 2055 301 2115 glücklich
328 2040 482 2100 vollzogen
515 2037 664 2097 worden.

368 2088 652 2148 Würzburg,
676 2088 729 2148 den
766 2088 830 2148 17.
861 2086 948 2146 Jan.

210 2142 257 2202 Am
300 2139 378 2199 1sten
409 2139 499 2199 Jan.
524 2139 595 2199 früh
632 2139 668 2199 um
711 2139 746 2199 8.
771 2139 837 2199 Uhr
868 2139 946 2199 sieng
982 2136 1036 2196 das
1067 2134 1163 2194 große

157 2193 285 2253 Wasser
307 2188 368 2248 mit
389 2187 472 2247 einem
514 2187 626 2247 wilden
653 2187 802 2247 Brausen
829 2190 890 2250 und
917 2187 1061 2247 schnellen
1087 2186 1169 2246 Aus¬

161 2243 255 2303 bruch
279 2243 308 2303 zu
332 2237 438 2297 laufen
474 2236 538 2296 an,
562 2236 621 2296 daß
645 2234 674 2294 es
710 2234 744 2294 um
792 2237 803 2297 3
834 2238 898 2298 Uhr
922 2234 1157 2294 Nachmittags

165 2294 242 2354 schon
281 2290 314 2350 20
348 2287 408 2347 Fuß
447 2282 668 2342 angewachsen
702 2285 790 2345 war.
836 2285 962 2345 Mitten
996 2282 1073 2342 über
1106 2281 1156 2341 den

165 2342 362 2402 Fischmarkt
375 2333 429 2393 lief
453 2331 501 2391 der
526 2333 657 2393 Strohm
700 2333 760 2393 und
784 2336 874 2396 gieng
905 2335 928 2395 in
965 2333 1006 2393 die
1031 2330 1169 2390 Carme¬

155 2393 229 2453 liter
257 2389 379 2449 Kirche
400 2384 454 2444 bis
488 2378 522 2438 an
563 2378 610 2438 die
638 2383 781 2443 Stuffen
816 2387 869 2447 des
904 2383 999 2443 hohen
1027 2376 1162 2436 Altars,

158 2443 213 2503 und
243 2441 263 2501 in
292 2437 341 2497 den
370 2431 546 2491 Gewölben
568 2429 695 2489 wurden
731 2431 772 2491 die
788 2434 907 2494 Särge
922 2431 992 2491 flott
1007 2426 1063 2486 und
1092 2422 1162 2482 um=

150 2491 301 2551 gekehrt,
329 2488 354 2548 so
388 2481 447 2541 daß
481 2479 533 2539 die
560 2476 659 2536 todten
693 2479 818 2539 Körper
846 2482 898 2542 sich
925 2480 1004 2540 oben
1038 2474 1070 2534 an
1104 2470 1149 2530 den

155 2536 356 2596 Luftlöchern
382 2530 639 2590 herumtrieben.
690 2527 765 2587 Der
791 2532 891 2592 gröste
917 2530 1048 2590 Verlust
1068 2520 1098 2580 ist
1118 2517 1149 2577 in

160 2584 210 2644 den
242 2581 455 2641 Weinkellern
482 2578 664 2638 geschehen.
715 2576 847 2636 Gärten
879 2581 935 2641 und
961 2575 1068 2635 Felder
1093 2568 1149 2628 sind

159 2633 305 2693 ruinirt,
334 2629 379 2689 die
402 2628 475 2688 gute
498 2623 582 2683 Erde
600 2623 701 2683 davon
730 2631 950 2691 weggespült,
984 2626 1046 2686 viel
1063 2620 1142 2680 Viel

159 2680 305 2740 ersäuft,
329 2673 499 2733 Menschen
528 2671 680 2731 entführt
704 2673 765 2733 und
800 2677 845 2737 ein
885 2676 1032 2736 größerer
1055 2667 1156 2727 Scha=

154 2732 206 2792 den
235 2724 392 2784 geschehen
422 2721 462 2781 als
492 2721 578 2781 durch
602 2721 655 2781 den
679 2724 847 2784 7jährigen
871 2727 987 2787 Krieg.
1011 2715 1155 2775 Gewisse

158 2778 335 2838 Theurung
370 2769 408 2829 ist
436 2769 463 2829 zu
492 2771 697 2831 befürchten,
731 2772 792 2832 und
826 2777 858 2837 an
898 2778 947 2838 den
976 2769 1148 2829 Gegenden

156 2831 208 2891 des
235 2822 393 2882 Mayns,
420 2817 466 2877 wo
494 2819 565 2879 alles
593 2820 645 2880 zur
665 2821 810 2881 Fäulnis
838 2828 969 2888 geneigt
996 2823 1055 2883 ist,
1082 2817 1147 2877 auch

158 2883 257 2943 große
273 2867 513 2927 Krankheiten.
537 2870 583 2930 An
615 2870 846 2930 verschiedenen
879 2879 978 2939 Orten
1010 2872 1064 2932 hat
1088 2870 1148 2930 man

157 357 231 417 "ben
260 363 390 423 wurden
418 360 479 420 mit
501 356 548 416 der
569 357 755 417 Erklärung
783 360 886 420 dieses
914 363 1085 423 Wunders
1113 362 1167 422 sich

164 411 300 471 "länger
324 413 353 473 zu
378 407 573 467 ermüden."
610 400 686 460 Wir
711 407 865 467 kündigen
895 410 1013 470 hiemit
1032 410 1161 470 zugleich

157 465 204 525 den
233 467 321 527 ersten
349 458 629 518 Originalversuch
651 456 678 516 in
707 460 815 520 unsern
844 461 980 521 nächsten
1008 463 1158 523 Blättern
