2479 3508
1313 333 1414 393 sprach
1451 331 1492 391 ein
1529 334 1698 394 römischer
1734 341 1993 401 Schauspieler,
2036 341 2101 401 und
2132 341 2192 401 das
2222 342 2324 402 Volk,

1314 380 1370 440 das
1405 378 1455 438 ihn
1490 380 1602 440 hörte,
1631 386 1778 446 verstand
1807 390 1857 450 ihn
1898 389 1959 449 und
1988 389 2135 449 klatschte
2164 389 2214 449 ihm
2266 389 2316 449 den

1313 428 1550 488 allgemeinsten
1589 429 1729 489 Beyfall
1756 434 1810 494 zu.
1864 440 1945 500 Mit
1972 438 2069 498 dieser
2097 437 2312 497 Anwendung

1319 474 1376 534 auf
1406 476 1451 536 sich
1492 476 1607 536 selbst,
1637 476 1717 536 wird
1747 482 1810 542 jede
1839 485 2030 545 Neugierde
2059 487 2110 547 zur
2141 487 2325 547 Weisheit,

1323 524 1555 584 Spartens
1587 524 1742 584 trunkner
1768 530 1876 590 Sclav
1907 534 1959 594 der
1980 535 2212 595 Sittenlehrer
2234 533 2321 593 ihrer

1325 575 1483 635 Jugend,
1518 574 1579 634 und
1614 574 1739 634 Saul
1768 575 1807 635 ein
1842 580 2062 640 Prophet.

2161 583 2319 643 Heiliger

1324 623 1390 683 Jan
1424 622 1696 682 Pawlikowicz!
1724 624 1801 684 höre
1830 625 1913 685 auf,
1958 631 2046 691 durch
2080 634 2190 694 deinen
2224 633 2329 693 Wan¬

1318 670 1371 730 del
1399 671 1458 731 wie
1491 670 1539 730 der
1572 673 1738 733 Comet,
1766 671 1814 731 die
1836 675 2046 735 Weltbürger
2069 679 2095 739 zu
2134 683 2327 743 erleuchten,

1315 721 1396 781 über
1429 721 1477 781 die
1505 718 1747 778 Gnügsamkeit
1780 721 1829 781 der
1857 721 2078 781 menschlichen
2116 730 2251 790 Natur,

1322 769 1395 829 über
1418 769 1462 829 die
1480 769 1610 829 Einfalt
1633 770 1684 830 des
1713 769 1917 829 Alterthums
1940 769 1950 829 —
2003 772 2075 832 über
2099 774 2143 834 die
2167 779 2325 839 Allmacht

1321 816 1369 876 der
1391 816 1617 876 Gewohnheit
1640 819 1694 879 und
1716 817 1963 877 Leidenschaften
1997 816 2007 876 —
2067 820 2142 880 über
2164 822 2212 882 die
2229 825 2325 885 Gau¬

1317 864 1411 924 ckeley
1449 865 1507 925 der
1539 867 1661 927 Sinne
1704 867 1762 927 und
1805 866 2128 926 Einbildungskraft
2160 867 2175 927 —
2245 872 2318 932 über

1316 912 1368 972 den
1397 915 1484 975 eiteln
1514 915 1676 975 Vorwitz,
1689 916 1886 976 Christum
1933 915 1961 975 in
1991 915 2043 975 der
2072 913 2229 973 Wüsten
2258 919 2316 979 und

1322 963 1344 1023 in
1384 961 1440 1021 den
1475 966 1695 1026 Cammern
1736 966 1763 1026 zu
1799 966 1900 1026 suchen

1965 963 1970 1023 -
2003 963 2082 1023 über
2104 963 2152 1023 den
2185 966 2323 1026 einträg¬

1319 1010 1412 1070 lichen
1446 1010 1640 1070 Misbrauch
1668 1013 1717 1073 der
1740 1013 1911 1073 Vernunft
1939 1014 2000 1074 und
2023 1010 2243 1070 Offenbarung

1324 1058 1399 1118 über
1426 1058 1474 1118 den
1503 1061 1675 1121 geistlichen
1703 1063 1903 1123 Ahnenstolz
1925 1063 1984 1123 auf
2007 1063 2060 1123 den
2088 1061 2185 1121 Ruhm
2234 1061 2320 1121 eines

1325 1107 1566 1167 erzväterlichen
1597 1109 1844 1169 Aberglaubens
1876 1112 1958 1172 ohne
1989 1110 2071 1170 seine
2092 1110 2230 1170 Werke,
2257 1109 2313 1169 und

1323 1155 1374 1215 den
1406 1154 1576 1214 geistlichen
1607 1154 1891 1214 Handwerksstolz
1917 1159 1968 1219 auf
1990 1158 2046 1218 das
2067 1158 2237 1218 Verdienst
2258 1158 2330 1218 her¬

1322 1199 1469 1259 culischer
1491 1201 1606 1261 Thaten
1633 1201 1680 1261 des
1702 1204 1934 1264 Unglaubens,
1945 1207 1976 1267 u.
1992 1207 2013 1267 s.
2024 1206 2065 1266 w.
2087 1205 2208 1265 Gönne
2224 1204 2324 1264 Böse¬

1323 1246 1467 1306 wichtern
1498 1249 1548 1309 ihr
1568 1247 1673 1307 Glück
1694 1252 1753 1312 und
1779 1252 1905 1312 Gekken
1930 1254 1975 1314 die
2001 1254 2105 1314 Kunst
2126 1252 2151 1312 in
2181 1255 2326 1315 sammte¬

1319 1298 1380 1358 nen
1415 1300 1561 1360 Kleidern
1601 1300 1663 1360 mit
1686 1301 1737 1361 dem
1782 1302 1940 1362 Gespenst
1963 1303 2014 1363 der
2049 1303 2228 1363 Wahrheit
2257 1304 2319 1364 und

1325 1349 1372 1409 dem
1408 1351 1519 1411 blauen
1543 1351 1655 1411 Dunst
1667 1351 1714 1411 der
1738 1351 1921 1411 Großmuth
1945 1354 2027 1414 Höfe
2046 1354 2074 1414 zu
2099 1354 2234 1414 täuschen
2264 1354 2316 1414 und

1323 1399 1405 1459 Land
1431 1402 1488 1462 und
1514 1402 1607 1462 Leute
1628 1402 1659 1462 zu
1685 1404 1886 1464 verderben;
1918 1404 1989 1464 aber
2017 1405 2124 1465 hinter
2156 1404 2202 1464 der
2229 1404 2326 1464 Larve

1324 1448 1406 1508 eines
1435 1449 1635 1509 Phantasten
1669 1449 1729 1509 und
1752 1451 1779 1511 in
1813 1452 1862 1512 der
1885 1452 2018 1512 Gestalt
2041 1452 2124 1512 eines
2158 1455 2335 1515 Mißethä¬

1318 1493 1412 1553 ters,
1445 1496 1539 1556 unter
1566 1497 1681 1557 Kreutz
1703 1497 1766 1557 und
1798 1503 1988 1563 Schmach,
2020 1503 2109 1563 dient
2136 1503 2188 1563 der
2216 1506 2320 1566 Weise

1321 1539 1373 1599 dem
1414 1539 1528 1599 Staat
1551 1542 1608 1602 und
1640 1542 1865 1602 Vaterlande!

1369 1632 1487 1692 "Nach
1511 1637 1563 1697 dem
1600 1637 1729 1697 Urtheil
1747 1637 1835 1697 eines
1859 1640 1989 1700 hiesigen
2013 1640 2207 1700 Gelehrten,
2225 1643 2325 1703 möch¬

1327 1676 1370 1736 "te
1409 1685 1435 1745 in
1485 1688 1593 1748 obiger
1632 1688 1811 1748 Nachricht
1849 1688 1908 1748 von
1958 1685 2071 1745 unsern
2115 1690 2321 1750 begeisterten

1322 1739 1537 1799 "Faunus,
1566 1739 1621 1799 für
1644 1739 1777 1799 Augen,
1794 1739 1905 1799 welche
1927 1739 1977 1799 die
1999 1736 2071 1796 rohe
2094 1736 2210 1796 Natur
2228 1739 2321 1799 gerne

1319 1784 1561 1844 "ausspähen,
1584 1787 1634 1847 die
1663 1787 1758 1847 unter
1787 1789 1838 1849 der
1861 1789 1962 1849 Zucht
1996 1787 2046 1847 der
2070 1785 2238 1845 Menschen
2273 1790 2328 1850 ge¬

1324 1831 1530 1891 "meiniglich
1552 1832 1614 1892 sehr
1636 1834 1831 1894 unkenntlich
1858 1837 1958 1897 wird,
1975 1837 2022 1897 das
2049 1834 2323 1894 Merkwürdigste

1348 1874 1401 1934 der
1429 1879 1525 1939 kleine
1548 1880 1656 1940 Wilde
1683 1883 1780 1943 seyn,
1808 1884 1856 1944 der
1890 1886 1916 1946 in
1949 1888 2002 1948 den
2030 1885 2187 1945 Wäldern
2220 1885 2327 1945 aufge¬

1345 1927 1504 1987 wachsen,
1521 1930 1593 1990 allen
1621 1935 1952 1995 Beschwerlichkeiten
1980 1936 2029 1996 der
2052 1933 2240 1993 Witterung
2268 1933 2323 1993 mit

1324 1978 1517 2038 "fröhlicher
1546 1981 1755 2041 Munterkeit
1773 1984 1868 2044 Trotz
1886 1984 1913 2044 zu
1937 1987 2033 2047 bieten
2062 1984 2181 2044 gelernt
2204 1981 2271 2041 hat,
2295 1983 2316 2043 in

1323 2023 1445 2083 "seinem
1495 2028 1640 2088 Gesichte
1674 2030 1757 2090 keine
1786 2031 1930 2091 gemeine
1964 2034 2248 2094 Freymüthigkeit
2271 2031 2337 2091 zei¬

1348 2073 1399 2133 get
1420 2076 1477 2136 und
1503 2076 1560 2136 von
1586 2076 1637 2136 der
1669 2073 1777 2133 blöden
1804 2079 2042 2139 Verlegenheit
2068 2084 2166 2144 nichts
2203 2084 2233 2144 an
2270 2082 2321 2142 sich

1347 2124 1417 2184 hat,
1434 2124 1482 2184 die
1504 2121 1569 2181 eine
1591 2121 1754 2181 Wirkung
1787 2126 1835 2186 der
1857 2127 2079 2187 Knechtschaft
2101 2131 2177 2191 oder
2205 2133 2253 2193 der
2286 2133 2328 2193 er¬

1321 2172 1521 2232 zwungnen
1554 2174 1798 2234 Achtsamkeiten
1837 2175 1858 2235 in
1891 2175 1940 2235 der
1968 2175 2102 2235 feineren
2136 2178 2320 2238 Erziehung

1330 2217 1448 2277 "wird,
1476 2220 1536 2280 und
1558 2223 1628 2283 kurz
1650 2223 1682 2283 zu
1710 2226 1791 2286 sagen
1824 2225 1927 2285 (wenn
1954 2226 2025 2286 man
2052 2226 2226 2286 dasjenige
2248 2226 2328 2286 weg¬

1321 2267 1484 2327 "nimmt,
1501 2270 1570 2330 was
1592 2270 1691 2330 einige
1708 2273 1877 2333 Menschen
1904 2273 1935 2333 an
1957 2271 2004 2331 ihm
2047 2273 2195 2333 verderbt
2212 2273 2328 2333 haben,

1327 2311 1397 2371 "die
1425 2318 1473 2378 ihn
1511 2318 1613 2378 lehren
1647 2317 1727 2377 Geld
1760 2321 1868 2381 fodern
1907 2324 1966 2384 und
1999 2321 2150 2381 naschen)
2177 2321 2220 2381 ein
2248 2321 2328 2381 voll¬

1344 2366 1535 2426 kommenes
1568 2366 1654 2426 Kind
1688 2365 1715 2425 in
1754 2369 1949 2429 demjenigen
1983 2371 2162 2431 Verstande
2191 2369 2223 2429 zu
2256 2369 2320 2429 seyn

1344 2415 1483 2475 scheint,
1509 2413 1571 2473 wie
1597 2411 1628 2471 es
1665 2412 1705 2472 ein
1737 2422 2135 2482 Experimentalmoralist
2157 2417 2316 2477 wünschen

1346 2464 1455 2524 kann,
1484 2461 1533 2521 der
1556 2458 1577 2518 so
1605 2461 1693 2521 billig
1727 2467 1815 2527 ware
1843 2467 1925 2527 nicht
1954 2466 2025 2526 eher
2053 2466 2102 2526 die
2125 2465 2229 2525 Sätze
2263 2467 2312 2527 des

1331 2509 1452 2569 "Herrn
1481 2509 1679 2569 Roußeau
1719 2514 1768 2574 den
1807 2517 1929 2577 schönen
1958 2515 2223 2575 Hirngespinsten
2251 2518 2328 2578 bey¬

1324 2560 1526 2620 "zuzählen,
1544 2557 1591 2617 als
1615 2560 1663 2620 bis
1687 2560 1716 2620 er
1740 2561 1775 2621 sie
1794 2566 1930 2626 geprüft
1948 2563 2049 2623 hätte.
2103 2563 2168 2623 Zum
2204 2569 2328 2629 wenig=

1349 2608 1403 2668 sten
1432 2605 1537 2665 dörfte
1560 2605 1638 2665 diese
1661 2614 1945 2674 Bewunderung,
1962 2614 1995 2674 zu
2017 2614 2145 2674 welcher
2168 2617 2251 2677 nicht
2269 2617 2323 2677 alle

1328 2655 1523 2715 „Zuschauer
1547 2652 1633 2712 fähig
1657 2658 1743 2718 sind,
1761 2661 1905 2721 weniger
1923 2661 1951 2721 zu
1980 2661 2119 2721 belachen
2148 2664 2246 2724 seyn,
2264 2664 2315 2724 als

1318 2706 1518 2766 "diejenige,
1541 2703 1646 2763 darinn
1674 2708 1763 2768 jenes
1786 2711 1947 2771 beruffene
1970 2709 2136 2769 schlesische
2159 2712 2242 2772 Kind
2265 2712 2325 2772 mit

1327 2750 1396 2810 "dem
1429 2751 1574 2811 goldenen
1602 2754 1682 2814 Zahn
1704 2757 1785 2817 viele
1801 2759 1931 2819 deutsche
1948 2760 2098 2820 Gelehrte
2115 2760 2238 2820 versetzt
2255 2760 2319 2820 hat,

1336 2805 1401 2865 'ehe
1420 2805 1456 2865 sie
1482 2802 1572 2862 durch
1609 2805 1693 2865 einen
1724 2811 1949 2871 Goldschmied
1974 2811 2028 2871 der
2054 2814 2162 2874 Mühe
2193 2806 2332 2866 überho¬

2234 2855 2308 2915 "ben

260 336 381 396 haben.
410 339 459 399 In
493 336 542 396 den
571 336 686 396 beyden
715 336 808 396 ersten
831 335 1130 395 Schwärmereyen
1153 333 1224 393 will
1241 330 1268 390 er

266 385 419 445 Christum
451 386 498 446 als
520 383 583 443 eine
599 383 693 443 kleine
710 383 852 443 Person,
858 383 905 443 bey
926 383 973 443 der
995 381 1090 441 letzten
1117 380 1190 440 aber
1206 379 1280 439 den¬

264 434 358 494 selben
386 434 408 494 in
431 434 564 494 völliger
587 431 815 491 Mansgröße,
827 431 1015 491 blutrünstig
1038 431 1099 491 und
1122 428 1177 488 mit
1194 428 1277 488 einer

270 483 364 543 hellen
386 482 496 542 Wolke
513 482 686 542 umgeben,
698 479 982 539 wahrgenommen
1009 479 1125 539 haben,
1146 477 1272 537 worauf

266 530 297 590 er
314 532 361 592 sich
388 530 473 590 durch
500 530 536 590 ein
563 530 802 590 vorgegebenes
823 531 993 591 40tägiges
1014 530 1120 590 Fasten
1147 527 1178 587 zu
1211 527 1257 587 dem

269 578 425 638 Gelübde
458 578 544 638 einer
572 578 745 638 7jährigen
773 578 984 638 Wallfahrt,
1012 579 1043 639 an
1082 578 1168 638 deren
1201 575 1282 635 Vol¬

267 625 405 685 lendung
427 625 495 685 noch
528 626 538 686 2
570 628 676 688 Jahre
698 626 825 686 fehlen,
842 625 1065 685 eingeweyht.
1092 625 1172 685 Das
1193 624 1278 684 Vor¬

266 676 350 736 spiel
372 674 468 734 dieses
489 676 802 736 außerordentlichen
829 675 961 735 Berufs
988 676 1046 736 hat
1068 673 1115 733 ihm
1158 673 1227 733 aber
1254 671 1274 731 so

268 724 334 784 viel
356 724 592 784 Verfolgungen
623 724 679 784 von
706 724 803 784 seiner
824 721 957 781 Familie
984 721 1045 781 und
1066 721 1205 781 Clerisey
1226 721 1277 781 zu¬

270 774 420 834 gezogen,
441 775 497 835 daß
524 772 549 832 er
571 772 648 832 alles
674 771 819 831 verlaßen
846 772 902 832 und
929 772 975 832 sich
1001 772 1068 832 nach
1095 769 1265 829 Warschau

267 819 440 879 begeben,
473 819 570 879 theils
603 819 706 879 einige
728 819 874 879 Proceße
907 819 1036 879 daselbst
1064 816 1280 876 fortzusetzen,

276 868 369 928 theils
387 867 480 927 seinen
503 868 602 928 Durst
620 870 685 930 nach
703 868 857 928 Warheit
868 867 890 927 zu
918 867 1051 927 sätigen.
1063 867 1211 927 Daselbst
1228 864 1278 924 hat

270 915 324 975 er,
335 915 432 975 seiner
448 915 546 975 Sage
563 918 648 978 nach,
665 918 708 978 die
725 918 800 978 erste
806 918 930 978 Bibel,
941 917 995 977 und
1017 917 1098 977 zwar
1115 918 1179 978 eine
1196 915 1281 975 deut¬

272 966 346 1026 sche,
357 963 415 1023 von
442 963 495 1023 der
517 966 697 1026 Gemahlin
724 966 776 1026 des
804 966 1026 1026 verstorbenen
1053 963 1287 1023 Staatsmini¬

274 1012 367 1072 sters,
374 1010 495 1070 Grafen
517 1013 572 1073 von
595 1014 710 1074 Brühl
722 1016 771 1076 zum
810 1013 970 1073 Geschenk
987 1013 1141 1073 erhalten,
1153 1010 1269 1070 worinn

272 1061 362 1121 nebst
383 1061 468 1121 einer
495 1064 670 1124 polnischen
702 1063 807 1123 Bibel
835 1062 887 1122 sein
925 1064 1184 1124 gegenwärtiger
1206 1060 1285 1120 Bü¬

273 1109 433 1169 cherschatz
450 1112 583 1172 besteht.
633 1112 727 1172 Nach
750 1112 871 1172 einigen
905 1112 1065 1172 Monaten
1093 1109 1148 1169 hat
1171 1109 1198 1169 er
1221 1109 1270 1169 sich

272 1159 328 1219 aus
355 1160 525 1220 Warschau
556 1162 608 1222 auf
629 1160 773 1220 Curland
810 1157 964 1217 gewandt
991 1157 1052 1217 und
1089 1157 1156 1217 auch
1187 1154 1275 1214 Riga

272 1207 421 1267 erreicht.
453 1207 551 1267 Weil
567 1207 618 1267 ihm
660 1207 732 1267 aber
753 1204 820 1264 hier
847 1201 898 1261 der
919 1201 1094 1261 Durchzug
1121 1201 1286 1261 verwehrt

277 1255 431 1315 worden,
457 1257 493 1317 ist
514 1257 544 1317 er
565 1255 668 1315 zurück
699 1255 863 1315 gegangen
900 1255 956 1315 und
988 1252 1018 1312 im
1060 1248 1270 1308 verwichenen

278 1308 397 1368 Herbst
416 1309 509 1369 unter
529 1306 728 1366 Begleitung
754 1305 811 1365 von
843 1306 880 1366 14
912 1303 1055 1363 Kühen,
1087 1303 1124 1363 20
1156 1300 1280 1360 Schaa=

277 1354 318 1414 fen
354 1357 412 1417 und
437 1357 471 1417 46
502 1357 638 1417 Ziegen,
650 1356 673 1416 in
697 1354 844 1414 Preußen
863 1354 1117 1414 angekommen,
1135 1351 1276 1411 woselbst

273 1403 326 1463 ihn
356 1404 397 1464 ein
428 1404 629 1464 Bedienter,
653 1404 706 1464 der
725 1404 777 1464 ihm
820 1402 950 1462 bishero
974 1402 1140 1462 begleitet,
1165 1402 1288 1462 bestoh¬

267 1451 343 1511 len,
376 1452 440 1512 und
473 1452 500 1512 im
549 1452 646 1512 Stich
679 1452 830 1512 gelaßen.
901 1449 982 1509 Von
1015 1450 1069 1510 dem
1118 1448 1280 1508 ansehnli¬

272 1503 342 1563 chen
375 1500 515 1560 Gefolge
538 1501 635 1561 seines
662 1501 787 1561 Viehes
820 1496 857 1556 ist
884 1494 938 1554 das
966 1497 1068 1557 meiste
1096 1497 1285 1557 umgekom¬

267 1551 362 1611 men.
410 1548 484 1608 Die
506 1548 670 1608 Wartung
697 1545 878 1605 deßelben,
905 1544 952 1604 die
969 1542 1085 1602 Lesung
1117 1542 1170 1602 der
1192 1539 1287 1599 heili¬

270 1599 324 1659 gen
358 1596 490 1656 Schrift
513 1596 568 1656 und
607 1595 651 1655 die
674 1593 911 1653 Verfertigung
939 1590 1105 1650 hölzerner
1127 1588 1221 1648 Löffel
1244 1587 1276 1647 ist

282 1644 356 1704 seine
380 1646 501 1706 einzige
519 1643 646 1703 Arbeit,
664 1643 750 1703 wozu
780 1643 825 1703 ihm
866 1643 941 1703 aber
965 1641 1010 1701 die
1034 1640 1184 1700 häufigen
1214 1637 1282 1697 Be¬

274 1696 358 1756 suche
381 1697 533 1757 während
557 1694 658 1754 seines
686 1691 816 1751 hiesigen
845 1694 1059 1754 Aufenthalts
1087 1690 1149 1750 und
1178 1688 1273 1748 seiner

272 1742 393 1802 jetzigen
425 1740 684 1800 Einqvartirung
716 1742 742 1802 in
769 1741 821 1801 das
843 1742 970 1802 unserer
991 1742 1102 1802 Stadt
1124 1739 1155 1799 am
1192 1739 1282 1799 näch¬

275 1790 329 1850 sten
361 1793 501 1853 liegende
527 1792 606 1852 Amt
625 1790 815 1850 Kalthof
834 1790 938 1850 wenig
963 1790 1030 1850 Zeit
1055 1790 1140 1850 übrig
1166 1788 1276 1848 laßen.

280 1837 321 1897 Er
351 1840 421 1900 redt
451 1840 550 1900 nichts
586 1839 633 1899 als
663 1837 833 1897 polnisch,
863 1837 1004 1897 versteht
1040 1834 1098 1894 und
1134 1832 1204 1892 liest
1228 1831 1280 1891 ge¬

276 1887 405 1947 brochen
433 1888 573 1948 deutsch,
600 1886 670 1946 noch
698 1886 838 1946 weniger
861 1882 1039 1942 lateinisch,
1066 1882 1126 1942 und
1153 1882 1212 1942 mit
1234 1877 1288 1937 sei¬

273 1933 328 1993 ner
345 1935 522 1995 Fertigkeit
539 1933 583 1993 die
600 1933 649 1993 ihm
683 1931 865 1991 vorgelegte
883 1932 999 1992 Fragen
1027 1930 1087 1990 mit
1105 1927 1270 1987 biblischen

275 1981 451 2041 Sprüchen
488 1981 519 2041 zu
556 1978 815 2038 beantworten,
847 1980 909 2040 hat
935 1978 966 2038 es
997 1980 1033 2040 am
1081 1978 1288 2038 allerwenig¬

280 2031 335 2091 sten
363 2031 390 2091 zu
418 2031 589 2091 bedeuten.
640 2028 755 2088 Seine
778 2029 1038 2089 Unwissenheit,
1066 2028 1115 2088 die
1149 2027 1182 2087 er
1210 2022 1287 2082 vor¬

274 2085 386 2145 giebt,
411 2082 529 2142 scheint
547 2079 576 2139 in
607 2079 725 2139 einigen
750 2079 856 2139 Fällen
886 2081 952 2141 sehr
976 2079 1195 2139 zweydeutig,
1220 2075 1278 2135 und

282 2130 332 2190 sein
367 2130 577 2190 Fanatismus
600 2127 673 2187 eben
702 2127 730 2187 so
753 2128 968 2188 mittelmäßig
992 2128 1019 2188 zu
1054 2127 1138 2187 seyn.

284 2178 368 2238 Man
393 2178 472 2238 sieht
491 2175 557 2235 aber
576 2175 642 2235 auch
667 2175 812 2235 hieraus,
831 2175 879 2235 daß
911 2177 959 2237 der
977 2178 1074 2238 große
1094 2175 1220 2235 Haufe,
1239 2168 1287 2228 der

278 2227 382 2287 nichts
416 2226 526 2286 beßers
565 2223 610 2283 als
638 2223 787 2283 betrogen
820 2223 847 2283 zu
887 2222 947 2282 seyn
987 2226 1075 2286 will,
1103 2226 1152 2286 den
1186 2223 1274 2283 guten

283 2276 428 2336 Willen,
442 2276 494 2336 ihn
522 2275 547 2335 zu
575 2273 746 2333 betrügen,
767 2268 813 2328 der
840 2270 985 2330 fähigsten
1012 2270 1284 2330 Geschicklichkeit

788 2315 863 2375 Wie
898 2318 961 2378 viel
991 2321 1031 2381 ein
1072 2321 1280 2381 vorsetzlicher

281 2324 387 2384 dazu,
423 2327 588 2387 vorzieht.

286 2368 415 2428 Betrug
439 2374 515 2434 oder
539 2374 703 2434 zufälliger
727 2370 921 2430 Wahnwitz
939 2369 974 2429 an
1004 2370 1097 2430 dieser
1121 2369 1291 2429 Masque¬

281 2416 362 2476 rade
389 2420 491 2480 Theil
519 2423 687 2483 nehmen;
720 2420 784 2480 wie
817 2420 892 2480 weit
920 2417 974 2477 das
1007 2420 1168 2480 Beyspiel
1196 2419 1282 2479 eines

289 2464 402 2524 solchen
429 2464 617 2524 Individui
634 2467 682 2527 der
704 2467 920 2527 bürgerlichen
953 2467 1109 2527 Ordnung
1131 2467 1292 2527 nachthei¬

286 2515 328 2575 lig
356 2515 426 2575 oder
448 2512 664 2572 vortheilhaft
686 2515 826 2575 werden,
843 2518 902 2578 und
930 2518 1016 2578 durch
1049 2515 1157 2575 welche
1174 2515 1292 2575 Hülfs¬

287 2566 394 2626 mittel
412 2560 462 2620 der
485 2560 721 2620 Gerechtigkeit
750 2563 818 2623 oder
841 2566 891 2626 des
920 2566 1117 2626 Mitleidens
1146 2563 1196 2623 bey
1225 2563 1292 2623 der¬

289 2614 420 2674 gleichen
457 2608 771 2668 außerordentlichen
808 2611 911 2671 Fällen
948 2616 1001 2676 sich
1032 2614 1079 2674 die
1111 2611 1201 2671 Liebe
1231 2613 1285 2673 des

284 2661 453 2721 gemeinen
481 2655 616 2715 Wesens
637 2655 663 2715 so
685 2653 751 2713 wol
772 2655 820 2715 als
848 2655 894 2715 des
922 2659 1077 2719 Nächsten
1120 2661 1281 2721 geschäftig

288 2712 434 2772 erweisen
468 2706 587 2766 könne,
608 2705 681 2765 laßt
708 2703 760 2763 sich
794 2700 867 2760 noch
895 2704 980 2764 nicht
1008 2709 1220 2769 entscheiden.

284 2749 367 2809 „Ich
401 2762 446 2822 bin
480 2757 518 2817 ein
545 2755 701 2815 Mensch,
709 2751 766 2811 und
794 2751 878 2811 ziehe
898 2751 957 2811 mir
984 2752 1061 2812 jedes
1088 2757 1283 2817 menschliche

293 2812 483 2872 "Schicksal
511 2811 556 2871 als
585 2808 666 2868 mein
694 2805 821 2865 eigenes
850 2802 885 2862 zu
913 2802 1086 2862 Herzen".
1114 2802 1131 2862 —
1187 2805 1277 2865 Dies
