2479 3508
1195 1046 1321 1106 Römer
1346 1049 1527 1109 gefahren.
1576 1046 1708 1106 Gestern
1745 1046 1787 1106 ist
1806 1045 1860 1105 der
1891 1046 2102 1106 Churfürstl.
2127 1043 2223 1103 Han¬

1204 1094 1368 1154 növersche
1391 1100 1556 1160 geheimer
1573 1097 1658 1157 Rath
1687 1097 1743 1157 und
1773 1095 1868 1155 erster
1886 1094 2226 1154 Wahlbothschafter,

1200 1145 1360 1205 Freyherr
1388 1145 1443 1205 von
1477 1148 1526 1208 der
1549 1148 1653 1208 Busch
1682 1145 1797 1205 allhier
1825 1145 2052 1205 eingetroffen.
2102 1142 2212 1202 Heute

1209 1196 1266 1256 sind
1296 1196 1341 1256 die
1359 1196 1561 1256 sämmtliche
1591 1196 1851 1256 Churfürstliche
1869 1193 1995 1253 Herren
2024 1190 2226 1250 Bothschaf=

1199 1243 1246 1303 ter
1273 1243 1325 1303 bis
1358 1243 1374 1303 1
1412 1243 1480 1303 Uhr
1512 1245 1666 1305 Mittags
1693 1243 1905 1303 versammlet
1932 1241 2128 1301 geblieben,
2155 1239 2218 1299 und

1204 1291 1258 1351 dem
1304 1291 1515 1351 Vernehmen
1550 1291 1620 1351 nach
1656 1291 1695 1351 ist
1721 1291 1781 1351 nun
1812 1291 1856 1351 die
1887 1285 2017 1345 Frage:
2043 1282 2123 1342 Ob?
2158 1285 2218 1345 mit

1204 1337 1248 1397 Ja
1279 1333 1500 1393 entschieden;
1526 1333 1585 1393 daß
1621 1333 1766 1393 demnach
1802 1333 1857 1393 auf
1883 1330 1978 1390 diesen
2008 1330 2219 1390 Churfürstl.

1201 1375 1411 1435 Collegialtag
1447 1377 1517 1437 bald
1553 1378 1698 1438 wichtige
1734 1378 1794 1438 und
1829 1377 2015 1437 erfreuliche
2041 1381 2221 1441 Handlun¬

1191 1424 1242 1484 gen
1279 1422 1382 1482 folgen
1419 1422 1570 1482 werden.
1627 1425 1705 1485 Von
1742 1425 1955 1485 Stuttgardt
1987 1428 2043 1488 hat
2064 1428 2132 1488 man
2163 1430 2215 1490 die

1193 1473 1368 1533 Nachricht
1395 1470 1453 1530 von
1497 1473 1544 1533 der
1571 1473 1602 1533 am
1656 1476 1751 1536 11ten
1784 1476 1879 1536 dieses
1911 1473 1943 1533 in
1970 1476 2087 1536 großer
2114 1477 2204 1537 Gala

1197 1526 1381 1586 begangnen
1405 1524 1588 1584 prächtigen
1619 1527 1719 1587 Feyer
1743 1527 1796 1587 des
1820 1527 1921 1587 hohen
1951 1524 2205 1584 Geburtsfestes

1195 1578 1261 1638 Sr.
1280 1578 1443 1638 Herzogl.
1462 1581 1608 1641 Durchl.
1627 1578 1790 1638 erhalten.

1471 1629 1620 1689 Wien,
1650 1631 1709 1691 den
1746 1632 1787 1692 11
1823 1631 1924 1691 Febr.

1247 1682 1298 1742 In
1327 1682 1495 1742 künftiger
1518 1680 1633 1740 Woche
1657 1682 1778 1742 werden
1813 1682 1859 1742 die
1883 1682 1957 1742 neue
1987 1679 2102 1739 adliche
2126 1679 2212 1739 Leib¬

1203 1733 1316 1793 garde,
1343 1733 1392 1793 die
1414 1733 1571 1793 Kayserl.
1593 1736 1652 1796 und
1674 1735 1890 1795 Erzherzogl.
1907 1731 2220 1791 Livreebedienten,

1199 1781 1253 1841 der
1280 1782 1437 1842 Kayserl.
1465 1781 1611 1841 Tresor,
1638 1784 1692 1844 das
1720 1783 1855 1843 goldene
1882 1781 2050 1841 Service,
2078 1780 2126 1840 die
2154 1778 2229 1838 Ba¬

1202 1831 1277 1891 gage
1305 1831 1353 1891 der
1375 1831 1630 1891 Hofofficianten
1657 1834 1727 1894 nach
1760 1831 1938 1891 Frankfurt
1961 1828 2123 1888 abgehen.
2140 1825 2215 1885 Des

1199 1876 1306 1936 Herrn
1334 1882 1705 1942 Oberhofmarschalls,
1734 1882 1863 1942 Fürsten
1901 1878 1960 1938 von
1998 1876 2224 1936 Schwarzen¬

1202 1924 1274 1984 berg
1300 1924 1444 1984 Durchl.
1466 1930 1589 1990 werden
1621 1930 1672 1990 den
1704 1930 1797 1990 16ten
1828 1930 1858 1990 d.
1890 1930 1951 1990 und
1979 1927 2040 1987 wie
2061 1929 2221 1989 verlautet

1199 1975 1258 2035 mit
1281 1972 1372 2032 Dero
1400 1975 1551 2035 Prinzen
1589 1978 1686 2038 dahin
1719 1978 1886 2038 abreisen.
1936 1977 2011 2037 Von
2044 1978 2092 2038 der
2114 1976 2222 2036 Equi¬

1196 2025 1280 2085 page
1312 2020 1370 2080 und
1407 2020 1460 2080 den
1492 2023 1735 2083 Domestiquen
1772 2025 1809 2085 ist
1836 2025 1888 2085 der
1910 2023 2021 2083 meiste
2042 2025 2148 2085 Theil
2170 2023 2222 2083 be¬

1197 2073 1275 2133 reits
1310 2067 1433 2127 voraus
1463 2067 1654 2127 gegangen.
1714 2068 1787 2128 Die
1822 2070 1964 2130 Bagage
1999 2067 2052 2127 der
2083 2070 2224 2130 Reichs¬

1203 2120 1368 2180 hofräthe,
1380 2112 1484 2172 Herrn
1513 2110 1640 2170 Grafen
1673 2113 1728 2173 von
1757 2112 1955 2172 Kirchberg,
1978 2114 2038 2174 und
2067 2115 2205 2175 Barons

1204 2170 1252 2230 von
1284 2163 1535 2223 Senckenberg,
1560 2166 1670 2226 welche
1695 2166 1794 2226 Ihro
1813 2166 1966 2226 Kayserl.
1985 2168 2089 2228 Maj.
2102 2166 2218 2226 beglei¬

1200 2220 1247 2280 ten
1277 2214 1383 2274 sollen,
1407 2213 1448 2273 ist
1472 2217 1650 2277 gleichfalls
1674 2220 1856 2280 abgeführt
1875 2220 2028 2280 worden.
2076 2218 2158 2278 Mit
2177 2220 2223 2280 al¬

1197 2264 1383 2324 lernächsten
1419 2262 1503 2322 wird
1543 2267 1617 2327 auch
1652 2270 1702 2330 der
1737 2270 1781 2330 K.
1810 2273 1856 2333 K.
1885 2270 2134 2330 Münzmeister
2168 2269 2213 2329 die

1203 2315 1295 2375 Reise
1325 2312 1498 2372 antreten,
1528 2321 1563 2381 um
1615 2324 1650 2384 zu
1685 2322 1870 2382 Frankfurt
1900 2321 1946 2381 die
1981 2321 2213 2381 Ausprägung

1200 2363 1249 2423 der
1271 2360 1420 2420 goldenen
1455 2366 1515 2426 und
1543 2372 1692 2432 silbernen
1726 2372 1908 2432 Medaillen
1936 2372 1997 2432 und
2020 2370 2218 2430 Auswurfs¬

1194 2413 1295 2473 gelder
1318 2413 1346 2473 zu
1375 2419 1555 2479 besorgen,
1584 2423 1669 2483 wozu
1709 2423 1805 2483 dieser
1834 2421 1940 2481 Tagen
1981 2420 2031 2480 die
2054 2420 2218 2480 Stempel

1196 2458 1219 2518 in
1256 2461 1309 2521 das
1352 2465 1466 2525 hiesige
1491 2473 1695 2533 Munzhaus
1726 2473 1918 2533 überliefert
1943 2467 2093 2527 worden.
2142 2470 2214 2530 Die

1201 2512 1328 2572 Abreise
1348 2514 1399 2574 des
1419 2522 1560 2582 Kaysers
1580 2524 1643 2584 und
1670 2524 1721 2584 der
1741 2521 1855 2581 beyden
1889 2521 2093 2581 Erzherzoge
2120 2518 2221 2578 bleibt

1194 2562 1262 2622 noch
1292 2567 1407 2627 immer
1437 2572 1494 2632 auf
1512 2574 1563 2634 den
1593 2575 1696 2635 8ten,
1720 2572 1771 2632 die
1795 2571 1962 2631 Krönung
1992 2567 2043 2627 des
2078 2567 2222 2627 Erzher=

1198 2617 1269 2677 zogs
1294 2620 1445 2680 Josephs
1470 2624 1524 2684 zum
1567 2623 1760 2683 Römischen
1791 2623 1917 2683 Könige
1942 2620 1996 2680 den
2028 2620 2063 2680 19
2100 2620 2220 2680 Marz,

1197 2662 1253 2722 und
1282 2667 1350 2727 ihre
1379 2673 1606 2733 Zuruckkunft
1635 2672 1663 2732 in
1692 2672 1805 2732 hiesige
1829 2669 2033 2729 Hauptstadt
2062 2670 2130 2730 noch
2159 2667 2215 2727 vor

1198 2715 1311 2775 Ostern
1342 2721 1529 2781 festgesetzt.
1596 2721 1668 2781 Die
1705 2720 1867 2780 Minister
1910 2718 1963 2778 von
2000 2718 2217 2778 Frankreich,

1202 2769 1382 2829 Spanien,
1400 2772 1603 2832 Portugall,
1615 2769 1802 2829 Neapolis,
1819 2769 1972 2829 Modena
2001 2767 2057 2827 und
2080 2766 2220 2826 Genua,

1200 2815 1323 2875 werden
1359 2820 1454 2880 Ihro
1484 2820 1643 2880 Kayserl.
1661 2817 1802 2877 Majest.
1833 2819 2009 2879 begleiten.
2070 2814 2216 2874 Gewiße

1198 2869 1351 2929 Ursachen
1388 2870 1446 2930 des
1473 2870 1700 2930 Ceremoniels
1732 2867 1880 2927 erlauben
1923 2864 1986 2924 dies
2018 2859 2123 2919 weder
2145 2863 2197 2923 dem

1202 2921 1391 2981 Römischen
1437 2924 1515 2984 noch
1549 2921 1823 2981 Venetianischen
1856 2913 2117 2973 Abgesandten;
2157 2914 2209 2974 die

2075 2969 2208 3029 übrigen

1197 347 1226 407 so
1251 346 1387 406 nöthig,
1412 348 1459 408 als
1489 345 1661 405 diejenige,
1692 348 1804 408 welche
1829 345 1936 405 unsere
1960 342 2227 402 Erkäntniß¬

1205 395 1320 455 kraft
1348 395 1596 455 durchforschet.
1659 394 1713 454 Es
1747 392 1890 452 gehören
1924 392 2000 452 aber
2035 392 2106 452 dazu
2151 389 2222 449 ver¬

1205 446 1326 506 einigte
1354 446 1492 506 Talente
1515 444 1564 504 des
1593 443 1742 503 Herzens
1770 443 1792 503 so
1821 443 1914 503 wohl
1931 443 1980 503 als
2009 443 2058 503 des
2092 441 2219 501 Kopfes

1205 496 1263 556 und
1295 497 1364 557 eine
1396 494 1518 554 gewiße
1551 491 1783 551 Ausbreitung
1811 493 1863 553 des
1891 494 2055 554 Geistes,
2077 494 2113 554 um
2162 493 2214 553 den

1204 546 1320 606 ganzen
1363 545 1479 605 großen
1511 542 1605 602 Raum
1654 539 1802 599 zwischen
1834 542 1918 602 einem
1961 542 2124 602 Anakreon
2157 544 2214 604 und

1205 595 1290 655 einem
1334 594 1436 654 Plato
1469 592 1696 652 auszufüllen.
1745 590 1868 650 Dieser
1902 592 2036 652 Vorzug
2069 592 2106 652 ist
2134 592 2220 652 zwar

1199 643 1353 703 jederzeit
1380 643 1524 703 überaus
1556 640 1674 700 selten,
1711 637 1835 697 allein,
1861 637 1907 697 wo
1939 638 2021 698 wird
2058 639 2130 699 man
2161 639 2212 699 ihn

1197 691 1289 751 wohl
1306 694 1332 754 in
1360 694 1446 754 einem
1496 691 1653 751 Zeitalter
1686 688 1719 748 zu
1752 686 1860 746 suchen
1893 685 2023 745 haben,
2051 686 2099 746 wo
2127 690 2219 750 unter

1204 742 1256 802 dem
1299 742 1458 802 Nahmen
1496 739 1548 799 der
1581 737 1760 797 Gelehrten
1804 733 2026 793 gemeiniglich
2058 736 2222 796 entweder

1200 789 1280 849 leere
1303 790 1497 850 Witzlinge,
1514 792 1590 852 oder
1612 789 1741 849 finstere
1764 785 1915 845 Grübler
1937 784 2121 844 verstanden
2143 784 2224 844 wer¬

1205 840 1280 900 den.
1291 840 1405 900 Beyde
1427 840 1541 900 Theile
1558 840 1649 900 kosten
1677 837 1698 897 in
1721 837 1769 897 der
1791 835 1996 895 Kanterschen
2024 834 2224 894 Buchhand=

1201 891 1277 951 lung
1303 891 1437 951 allhier,
1444 891 1501 951 wie
1521 891 1590 951 auch
1623 891 1648 951 in
1667 888 1789 948 Elbing
1815 888 1872 948 und
1905 888 2012 948 Mitau
2039 885 2044 945 6
2071 887 2102 947 fl.
2115 888 2146 948 18
2166 888 2217 948 gr.

371 1043 662 1103 Nieder=Rhein,
687 1044 739 1104 den
777 1046 788 1106 9
830 1045 930 1105 Febr.

193 1084 266 1144 Der
293 1090 432 1150 Königl.
460 1094 592 1154 Preuß.
620 1094 812 1154 Minister,
833 1094 926 1154 Herr
953 1095 1005 1155 von
1040 1095 1166 1155 Thule=

136 1136 242 1196 meyer
269 1141 365 1201 stellte
387 1141 413 1201 im
457 1143 590 1203 Namen
623 1142 723 1202 seines
762 1144 895 1204 Königs
922 1145 954 1205 an
986 1145 1034 1205 die
1056 1143 1168 1203 Gene¬

142 1187 308 1247 ralstaaten
341 1189 367 1249 in
395 1190 481 1250 einer
503 1190 707 1250 schriftlichen
735 1193 826 1253 Nota
854 1196 999 1256 folgende
1026 1196 1160 1256 Begeh¬

136 1232 222 1292 ren:
244 1237 401 1297 Erstlich,
429 1240 483 1300 daß
511 1239 558 1299 die
581 1240 640 1300 von
673 1240 721 1300 der
744 1242 857 1302 Stadt
885 1243 1031 1303 Arnheim
1069 1242 1166 1302 abge¬

136 1280 279 1340 worfene
307 1285 439 1345 Brücke
461 1285 541 1345 über
568 1288 621 1348 den
643 1288 780 1348 Rhein,
808 1291 962 1351 vermöge
989 1291 1074 1351 einer
1101 1290 1165 1350 mit

141 1330 263 1390 dasigen
298 1330 435 1390 Gegend
470 1332 528 1392 und
558 1333 705 1393 Zütphen
740 1333 935 1393 getroffenen
965 1333 1166 1393 Verkomm¬

138 1378 222 1438 niß,
248 1377 303 1437 auf
334 1375 389 1435 das
420 1376 631 1436 schleunigste
662 1375 782 1435 wieder
813 1372 994 1432 hergestellt
1030 1375 1160 1435 würde.

142 1422 333 1482 Zweytens,
359 1420 413 1480 daß
444 1420 494 1480 die
515 1422 570 1482 von
601 1422 651 1482 dem
687 1421 862 1481 Banquier
883 1419 1095 1479 Gotzkowsky
1120 1419 1150 1479 zu

139 1467 262 1527 Berlin
290 1467 322 1527 an
361 1467 409 1527 die
431 1469 631 1529 Gebrüdere
648 1469 826 1529 Neufville
849 1470 918 1530 nach
946 1469 1135 1529 Amsterdam

136 1518 337 1578 übermachte
360 1520 485 1580 Münze
507 1518 670 1578 wiederum
709 1521 927 1581 ausgeliefert
949 1521 1068 1581 werde,
1085 1521 1144 1581 und

130 1569 292 1629 drittens,
322 1569 374 1629 daß
404 1570 461 1630 alle
485 1572 683 1632 Preußische
712 1575 969 1635 Unterthanen,
993 1573 1038 1633 die
1062 1574 1154 1634 wäh¬

134 1619 249 1679 rendes
278 1622 416 1682 Krieges
445 1625 472 1685 in
506 1625 561 1685 den
590 1625 739 1685 Staaten
768 1626 817 1686 der
840 1628 1040 1688 vereinigten
1068 1625 1156 1685 Pro¬

142 1673 249 1733 vinzen
282 1676 557 1736 niedergelaßen,
579 1677 740 1737 wiederum
789 1679 1037 1739 heimgewiesen
1065 1679 1156 1739 wür¬

136 1726 214 1786 den.
266 1728 317 1788 In
346 1727 397 1787 der
420 1730 545 1790 darauf
563 1728 727 1788 ertheilten
768 1727 927 1787 Antwort
950 1730 1160 1790 entschuldig¬

138 1775 180 1835 ten
212 1775 265 1835 sich
303 1777 350 1837 die
382 1778 658 1838 Generalstaaten
696 1778 775 1838 über
812 1778 866 1838 den
903 1778 1009 1838 letzten
1047 1779 1163 1839 Punct

142 1822 227 1882 zwar
260 1825 319 1885 mit
341 1825 395 1885 der
422 1828 621 1888 Verfaßung
649 1825 730 1885 aller
763 1825 984 1885 Freystände;
1017 1828 1162 1888 verspra¬

136 1871 206 1931 chen
239 1875 314 1935 aber
336 1874 444 1934 wegen
482 1875 530 1935 der
558 1873 687 1933 Brücke
720 1873 752 1933 an
785 1873 833 1933 die
855 1873 968 1933 Stadt
990 1876 1136 1936 Arnheim

139 1924 172 1984 zu
200 1924 377 1984 schreiben,
400 1922 455 1982 und
484 1921 527 1981 die
544 1918 655 1978 Stadt
672 1918 861 1978 Amsterdam
906 1921 1088 1981 gleichfalls
1111 1927 1166 1987 da¬

142 1973 193 2033 hin
233 1972 260 2032 zu
295 1969 498 2029 vermögen,
527 1968 577 2028 daß
617 1966 662 2026 die
690 1966 757 2026 noch
792 1969 995 2029 verhandene
1024 1975 1153 2035 Münze

146 2020 176 2080 an
213 2020 287 2080 Sr.
319 2015 460 2075 Königl.
491 2015 657 2075 Majestät
689 2016 744 2076 von
781 2017 935 2077 Preußen
972 2023 1132 2083 wiederum

141 2065 360 2125 ausgeliefert
382 2061 505 2121 werden
543 2066 649 2126 sollte.

227 2112 477 2172 Frankfurt
507 2115 541 2175 am
595 2118 740 2178 Mayn,
764 2118 821 2178 vom
869 2118 932 2178 20.
956 2118 1055 2178 Febr.

191 2159 265 2219 Den
306 2161 398 2221 16ten
433 2168 560 2228 geschah
589 2169 641 2229 der
677 2170 832 2230 Kayserl.
850 2171 1057 2231 Commißion
1087 2169 1150 2229 und

143 2214 320 2274 sämtlicher
358 2217 486 2277 Herren
524 2220 849 2280 Wahlbothschafter
887 2220 1058 2280 feyerliche
1090 2220 1151 2280 und

144 2266 210 2326 eben
244 2267 271 2327 so
293 2267 470 2327 glanzende
499 2270 642 2330 Auffarth
676 2270 730 2330 aus
753 2270 802 2330 dem
848 2270 1079 2330 Braunenfels
1102 2270 1157 2330 auf

140 2318 278 2378 hiesiges
315 2318 525 2378 Rathhaus.
593 2321 688 2381 Nach
726 2321 913 2381 geendigter
943 2316 1070 2376 Anrede
1101 2315 1154 2375 des

144 2368 279 2428 zweyten
309 2369 466 2429 Kayserl.
490 2366 744 2426 Commißarii,
768 2371 948 2431 Freyherrn
977 2364 1034 2424 von
1068 2363 1163 2423 Bar¬

142 2417 274 2477 tenstein
302 2417 334 2477 an
363 2420 417 2480 das
445 2420 512 2480 hier
540 2419 760 2479 versammelte
788 2423 865 2483 hohe
894 2417 1058 2477 Collegium
1092 2413 1152 2473 und

143 2463 196 2523 des
220 2467 532 2527 Churmäynzischen
556 2467 798 2527 Hof=Canzlers
823 2470 893 2530 auch
917 2466 1022 2526 dritten
1041 2461 1158 2521 Wahl=

139 2515 393 2575 bothschafters,
410 2518 592 2578 Freyherrn
621 2516 675 2576 von
709 2518 841 2578 Vorster
870 2513 1157 2573 Beantwortung,

140 2561 248 2621 verlaß
280 2565 333 2625 der
358 2566 516 2626 Kayserl.
534 2566 814 2626 Legationsrath,
838 2570 1002 2630 Freyherr
1022 2563 1075 2623 von
1106 2558 1160 2618 Lo¬

142 2611 330 2671 schenkohl,
359 2615 402 2675 die
430 2617 491 2677 von
531 2617 586 2677 dem
637 2617 724 2677 ersten
765 2623 991 2683 Commißario
1026 2614 1058 2674 an
1098 2611 1147 2671 den

146 2661 235 2721 ersten
266 2664 596 2724 Chur=Maynzischen
627 2665 945 2725 Wahlbothschafter
970 2663 1144 2723 Freyherrn

143 2712 194 2772 von
235 2709 357 2769 Erthal
387 2714 583 2774 behändigte
613 2715 822 2775 allerhöchste
852 2721 1002 2781 Kayserl.
1026 2710 1158 2770 Propo¬

147 2763 269 2823 sition,
288 2760 422 2820 worauf
454 2765 502 2825 der
534 2764 681 2824 Rückzug
713 2767 743 2827 in
781 2769 835 2829 das
867 2772 995 2832 Furstl.
1020 2763 1161 2823 Lichten=

146 2814 290 2874 steinsche
314 2811 481 2871 Qvartier
510 2814 665 2874 erfolgte.
718 2820 920 2880 Vorgestern
955 2815 1145 2875 Vormittag

138 2867 199 2927 sind
231 2864 398 2924 abermahl
424 2861 467 2921 die
493 2864 617 2924 Herren
649 2869 972 2929 Wahlbothschafter
998 2864 1079 2924 ohne
1098 2861 1166 2921 Be=

137 2918 321 2978 obachtung
351 2915 434 2975 einer
459 2918 714 2978 Rangordnung
739 2920 791 2980 zur
822 2927 1006 2987 Conferenz
1024 2919 1083 2979 auf
1102 2918 1154 2978 den

143 339 237 399 fühls
267 345 379 405 unsere
421 345 509 405 feine
539 342 674 402 Denker
710 339 833 399 werden
870 344 928 404 zur
952 345 1152 405 rühmlichen

140 395 387 455 Nacheiferung
417 395 543 455 gereitzt
567 389 694 449 haben,
729 390 838 450 diese,
862 394 919 454 bey
954 395 1040 455 einer
1070 395 1167 455 kälte¬

137 436 193 496 ren
222 446 447 506 Ergebenheit
465 443 515 503 für
538 440 583 500 die
606 434 690 494 Ehre
714 440 804 500 ihres
838 443 1081 503 Vaterlandes,
1104 445 1154 505 den

144 492 271 552 Zutritt
288 492 487 552 rühmlicher
504 491 681 551 Beyspiele
704 492 782 552 allen
810 495 953 555 fremden
982 492 1153 552 Geburten

142 540 191 600 des
209 542 363 602 Geistes,
392 542 452 602 aus
481 542 613 602 welcher
653 542 785 602 Nation
819 543 857 603 sie
891 545 962 605 auch
996 546 1062 606 seyn
1096 545 1168 605 mö¬

142 591 228 651 gen,
250 590 282 650 zu
315 589 499 649 vergönnen
554 591 727 651 gefälliger
760 593 825 653 seyn
863 592 1020 652 werden,
1048 593 1095 653 als
1123 592 1166 652 je¬

142 635 180 695 ne
203 637 290 697 stolze
319 640 522 700 Insulaner,
551 640 600 700 die
622 640 672 700 sich
700 643 772 703 gern
800 643 854 703 für
877 643 926 703 die
949 641 1075 701 einzige
1098 642 1164 702 klu¬

139 687 171 747 ge
189 685 415 745 Völkerschaft
438 688 493 748 auf
510 690 560 750 der
577 691 665 751 Welt
688 691 831 751 möchten
860 694 1003 754 gehalten
1037 691 1159 751 wißen.

138 730 239 790 Wenn
271 734 340 794 man
373 739 399 799 es
432 741 559 801 einmal
576 742 688 802 nöthig
721 742 773 802 hat
795 742 821 802 in
849 742 902 802 der
929 742 1158 802 Betrachtung

137 777 190 837 des
227 785 398 845 Menschen
441 789 487 849 bis
512 792 541 852 zu
571 792 624 852 den
661 789 904 849 allgemeinsten
935 791 1154 851 Grundsätzen

144 829 266 889 hinauf
285 836 309 896 zu
341 840 476 900 steigen,
501 843 525 903 so
556 841 593 901 ist
612 840 660 900 die
685 840 974 900 Metaphysick
1006 840 1060 900 des
1086 840 1165 900 Ge¬

141 883 290 943 fühls,
318 891 426 951 welche
454 894 501 954 bey
529 894 583 954 uns
611 893 685 953 noch
713 891 780 951 sehr
801 891 998 951 unbekannt
1019 894 1073 954 ist,
1087 891 1148 951 eben
