<?xml version="1.0" encoding="UTF-8" standalone="yes"?>
<PcGts xmlns="http://schema.primaresearch.org/PAGE/gts/pagecontent/2013-07-15" xmlns:xsi="http://www.w3.org/2001/XMLSchema-instance" xsi:schemaLocation="http://schema.primaresearch.org/PAGE/gts/pagecontent/2013-07-15 http://schema.primaresearch.org/PAGE/gts/pagecontent/2013-07-15/pagecontent.xsd">
    <Metadata>
        <Creator>prov=READ-COOP:name=PyLaia@TranskribusPlatform:version=2.12.1:model_id=39995:lm=none:date=19_03_2024_17:11</Creator>
        <Created>2024-03-19T17:24:15.137+01:00</Created>
        <LastChange>2024-03-19T17:11:22.954Z</LastChange>
        <TranskribusMetadata docId="1887019" pageId="66803633" pageNr="1" tsid="152545618" status="IN_PROGRESS" userId="222699" imgUrl="https://files.transkribus.eu/Get?id=LVCXSHNFDAAQAFHGQZCTUFHX&amp;fileType=view" xmlUrl="https://files.transkribus.eu/Get?id=HKKDGODUGDTTLAVCPDGRQFAT" imageId="53461608"/>
    </Metadata>
    <Page imageFilename="66803633.jpg" imageWidth="2479" imageHeight="3508">
        <ReadingOrder>
            <OrderedGroup id="ro_1710868282955" caption="Regions reading order">
                <RegionRefIndexed index="0" regionRef="r_10"/>
                <RegionRefIndexed index="1" regionRef="r_11"/>
            </OrderedGroup>
        </ReadingOrder>
        <Relations/>
        <TextRegion id="r_10" custom="readingOrder {index:0;}">
            <Coords points="2283,3026 1191,3026 1191,1225 2283,1225"/>
            <TextLine id="r_10_tl_1" custom="readingOrder {index:0;}">
                <Coords points="565,1302 1823,1319 1823,1222 1060,1225 984,1269 780,1222 565,1241"/>
                <Baseline points="573,1283 618,1283 662,1283 707,1286 752,1286 797,1289 841,1289 886,1292 931,1292 976,1295 1021,1289 1065,1289 1110,1289 1155,1289 1200,1289 1244,1289 1289,1286 1334,1289 1379,1289 1424,1289 1468,1289 1513,1289 1558,1289 1603,1289 1648,1289 1692,1289 1737,1289 1782,1292 1827,1295"/>
                <Word id="r_10_tl_1_w1" custom="readingOrder {index:0;}">
                    <Coords points="580,1243 580,1303 708,1303 708,1243"/>
                    <TextEquiv>
                        <Unicode>10tes</Unicode>
                    </TextEquiv>
                </Word>
                <Word id="r_10_tl_1_w2" custom="readingOrder {index:1;}">
                    <Coords points="753,1249 753,1309 915,1309 915,1249"/>
                    <TextEquiv>
                        <Unicode>Stück.</Unicode>
                    </TextEquiv>
                </Word>
                <Word id="r_10_tl_1_w3" custom="readingOrder {index:2;}">
                    <Coords points="1020,1249 1020,1309 1252,1309 1252,1249"/>
                    <TextEquiv>
                        <Unicode>Montag,</Unicode>
                    </TextEquiv>
                </Word>
                <Word id="r_10_tl_1_w4" custom="readingOrder {index:3;}">
                    <Coords points="1288,1248 1288,1308 1356,1308 1356,1248"/>
                    <TextEquiv>
                        <Unicode>den</Unicode>
                    </TextEquiv>
                </Word>
                <Word id="r_10_tl_1_w5" custom="readingOrder {index:4;}">
                    <Coords points="1400,1249 1400,1309 1450,1309 1450,1249"/>
                    <TextEquiv>
                        <Unicode>5.</Unicode>
                    </TextEquiv>
                </Word>
                <Word id="r_10_tl_1_w6" custom="readingOrder {index:5;}">
                    <Coords points="1478,1249 1478,1309 1632,1309 1632,1249"/>
                    <TextEquiv>
                        <Unicode>März.</Unicode>
                    </TextEquiv>
                </Word>
                <Word id="r_10_tl_1_w7" custom="readingOrder {index:6;}">
                    <Coords points="1668,1249 1668,1309 1813,1309 1813,1249"/>
                    <TextEquiv>
                        <Unicode>1764.</Unicode>
                    </TextEquiv>
                </Word>
                <TextEquiv>
                    <Unicode>10tes Stück. Montag, den 5. März. 1764.</Unicode>
                </TextEquiv>
            </TextLine>
            <TextLine id="r_10_tl_2" custom="readingOrder {index:1;}">
                <Coords points="1210,1395 2243,1399 2243,1297 1995,1352 1922,1319 1624,1348 1210,1311"/>
                <Baseline points="1218,1376 1262,1379 1307,1385 1352,1382 1397,1385 1442,1385 1486,1385 1531,1385 1576,1382 1621,1385 1665,1385 1710,1385 1755,1382 1800,1385 1845,1385 1889,1385 1934,1385 1979,1385 2024,1382 2068,1385 2113,1385 2158,1385 2203,1385 2245,1391"/>
                <Word id="r_10_tl_2_w1" custom="readingOrder {index:0;}">
                    <Coords points="1225,1341 1225,1401 1333,1401 1333,1341"/>
                    <TextEquiv>
                        <Unicode>"ihrem</Unicode>
                    </TextEquiv>
                </Word>
                <Word id="r_10_tl_2_w2" custom="readingOrder {index:1;}">
                    <Coords points="1376,1345 1376,1405 1561,1405 1561,1345"/>
                    <TextEquiv>
                        <Unicode>Verstande</Unicode>
                    </TextEquiv>
                </Word>
                <Word id="r_10_tl_2_w3" custom="readingOrder {index:2;}">
                    <Coords points="1578,1343 1578,1403 1628,1403 1628,1343"/>
                    <TextEquiv>
                        <Unicode>ihr</Unicode>
                    </TextEquiv>
                </Word>
                <Word id="r_10_tl_2_w4" custom="readingOrder {index:3;}">
                    <Coords points="1662,1345 1662,1405 1745,1405 1745,1345"/>
                    <TextEquiv>
                        <Unicode>Herz</Unicode>
                    </TextEquiv>
                </Word>
                <Word id="r_10_tl_2_w5" custom="readingOrder {index:4;}">
                    <Coords points="1780,1345 1780,1405 2007,1405 2007,1345"/>
                    <TextEquiv>
                        <Unicode>beurtheilen.</Unicode>
                    </TextEquiv>
                </Word>
                <Word id="r_10_tl_2_w6" custom="readingOrder {index:5;}">
                    <Coords points="2050,1345 2050,1405 2099,1405 2099,1345"/>
                    <TextEquiv>
                        <Unicode>Es</Unicode>
                    </TextEquiv>
                </Word>
                <Word id="r_10_tl_2_w7" custom="readingOrder {index:6;}">
                    <Coords points="2125,1345 2125,1405 2166,1405 2166,1345"/>
                    <TextEquiv>
                        <Unicode>ist</Unicode>
                    </TextEquiv>
                </Word>
                <Word id="r_10_tl_2_w8" custom="readingOrder {index:7;}">
                    <Coords points="2184,1345 2184,1405 2234,1405 2234,1345"/>
                    <TextEquiv>
                        <Unicode>ein</Unicode>
                    </TextEquiv>
                </Word>
                <TextEquiv>
                    <Unicode>"ihrem Verstande ihr Herz beurtheilen. Es ist ein</Unicode>
                </TextEquiv>
            </TextLine>
            <TextLine id="r_10_tl_3" custom="readingOrder {index:2;}">
                <Coords points="1214,1442 2240,1459 2239,1396 1213,1395"/>
                <Baseline points="1221,1421 1265,1427 1310,1430 1355,1430 1400,1430 1444,1430 1489,1430 1534,1430 1579,1430 1624,1430 1668,1430 1713,1430 1758,1433 1803,1433 1848,1430 1892,1433 1937,1433 1982,1433 2027,1436 2071,1436 2116,1436 2161,1436 2206,1439 2242,1442"/>
                <Word id="r_10_tl_3_w1" custom="readingOrder {index:0;}">
                    <Coords points="1220,1390 1220,1450 1481,1450 1481,1390"/>
                    <TextEquiv>
                        <Unicode>"gewöhnlicher</Unicode>
                    </TextEquiv>
                </Word>
                <Word id="r_10_tl_3_w2" custom="readingOrder {index:1;}">
                    <Coords points="1511,1390 1511,1450 1630,1450 1630,1390"/>
                    <TextEquiv>
                        <Unicode>Fehler</Unicode>
                    </TextEquiv>
                </Word>
                <Word id="r_10_tl_3_w3" custom="readingOrder {index:2;}">
                    <Coords points="1660,1390 1660,1450 1713,1450 1713,1390"/>
                    <TextEquiv>
                        <Unicode>der</Unicode>
                    </TextEquiv>
                </Word>
                <Word id="r_10_tl_3_w4" custom="readingOrder {index:3;}">
                    <Coords points="1744,1390 1744,1450 1963,1450 1963,1390"/>
                    <TextEquiv>
                        <Unicode>Gelehrten,</Unicode>
                    </TextEquiv>
                </Word>
                <Word id="r_10_tl_3_w5" custom="readingOrder {index:4;}">
                    <Coords points="1993,1395 1993,1455 2052,1455 2052,1395"/>
                    <TextEquiv>
                        <Unicode>daß</Unicode>
                    </TextEquiv>
                </Word>
                <Word id="r_10_tl_3_w6" custom="readingOrder {index:5;}">
                    <Coords points="2089,1396 2089,1456 2130,1456 2130,1396"/>
                    <TextEquiv>
                        <Unicode>sie</Unicode>
                    </TextEquiv>
                </Word>
                <Word id="r_10_tl_3_w7" custom="readingOrder {index:6;}">
                    <Coords points="2160,1398 2160,1458 2230,1458 2230,1398"/>
                    <TextEquiv>
                        <Unicode>nach</Unicode>
                    </TextEquiv>
                </Word>
                <TextEquiv>
                    <Unicode>"gewöhnlicher Fehler der Gelehrten, daß sie nach</Unicode>
                </TextEquiv>
            </TextLine>
            <TextLine id="r_10_tl_4" custom="readingOrder {index:3;}">
                <Coords points="1206,1473 1318,1503 2240,1501 2240,1459 2141,1439 1206,1437"/>
                <Baseline points="1215,1462 1259,1474 1304,1480 1349,1480 1394,1480 1439,1480 1483,1480 1528,1477 1573,1477 1618,1477 1662,1477 1707,1480 1752,1480 1797,1480 1842,1480 1886,1480 1931,1480 1976,1483 2021,1480 2065,1483 2110,1483 2155,1483 2200,1486 2242,1486"/>
                <Word id="r_10_tl_4_w1" custom="readingOrder {index:0;}">
                    <Coords points="1211,1431 1211,1491 1290,1491 1290,1431"/>
                    <TextEquiv>
                        <Unicode>„den</Unicode>
                    </TextEquiv>
                </Word>
                <Word id="r_10_tl_4_w2" custom="readingOrder {index:1;}">
                    <Coords points="1328,1440 1328,1500 1565,1500 1565,1440"/>
                    <TextEquiv>
                        <Unicode>Gesinnungen</Unicode>
                    </TextEquiv>
                </Word>
                <Word id="r_10_tl_4_w3" custom="readingOrder {index:2;}">
                    <Coords points="1603,1437 1603,1497 1655,1497 1655,1437"/>
                    <TextEquiv>
                        <Unicode>des</Unicode>
                    </TextEquiv>
                </Word>
                <Word id="r_10_tl_4_w4" custom="readingOrder {index:3;}">
                    <Coords points="1687,1440 1687,1500 1894,1500 1894,1440"/>
                    <TextEquiv>
                        <Unicode>Verstandes</Unicode>
                    </TextEquiv>
                </Word>
                <Word id="r_10_tl_4_w5" custom="readingOrder {index:4;}">
                    <Coords points="1926,1441 1926,1501 1984,1501 1984,1441"/>
                    <TextEquiv>
                        <Unicode>von</Unicode>
                    </TextEquiv>
                </Word>
                <Word id="r_10_tl_4_w6" custom="readingOrder {index:5;}">
                    <Coords points="2021,1441 2021,1501 2074,1501 2074,1441"/>
                    <TextEquiv>
                        <Unicode>den</Unicode>
                    </TextEquiv>
                </Word>
                <Word id="r_10_tl_4_w7" custom="readingOrder {index:6;}">
                    <Coords points="2111,1444 2111,1504 2238,1504 2238,1444"/>
                    <TextEquiv>
                        <Unicode>Bewe¬</Unicode>
                    </TextEquiv>
                </Word>
                <TextEquiv>
                    <Unicode>„den Gesinnungen des Verstandes von den Bewe¬</Unicode>
                </TextEquiv>
            </TextLine>
            <TextLine id="r_10_tl_5" custom="readingOrder {index:4;}">
                <Coords points="1210,1533 2243,1545 2243,1500 2193,1493 1335,1503 1210,1470"/>
                <Baseline points="1218,1513 1262,1528 1307,1531 1352,1531 1397,1531 1442,1531 1486,1531 1531,1531 1576,1531 1621,1531 1665,1531 1710,1531 1755,1531 1800,1531 1845,1528 1889,1531 1934,1531 1979,1531 2024,1531 2068,1531 2113,1534 2158,1531 2203,1534 2248,1534"/>
                <Word id="r_10_tl_5_w1" custom="readingOrder {index:0;}">
                    <Coords points="1211,1489 1211,1549 1361,1549 1361,1489"/>
                    <TextEquiv>
                        <Unicode>"gungen</Unicode>
                    </TextEquiv>
                </Word>
                <Word id="r_10_tl_5_w2" custom="readingOrder {index:1;}">
                    <Coords points="1397,1491 1397,1551 1449,1551 1449,1491"/>
                    <TextEquiv>
                        <Unicode>des</Unicode>
                    </TextEquiv>
                </Word>
                <Word id="r_10_tl_5_w3" custom="readingOrder {index:2;}">
                    <Coords points="1473,1491 1473,1551 1617,1551 1617,1491"/>
                    <TextEquiv>
                        <Unicode>Herzens</Unicode>
                    </TextEquiv>
                </Word>
                <Word id="r_10_tl_5_w4" custom="readingOrder {index:3;}">
                    <Coords points="1647,1491 1647,1551 1826,1551 1826,1491"/>
                    <TextEquiv>
                        <Unicode>urtheilen.</Unicode>
                    </TextEquiv>
                </Word>
                <Word id="r_10_tl_5_w5" custom="readingOrder {index:4;}">
                    <Coords points="1880,1491 1880,1551 1937,1551 1937,1491"/>
                    <TextEquiv>
                        <Unicode>Da</Unicode>
                    </TextEquiv>
                </Word>
                <Word id="r_10_tl_5_w6" custom="readingOrder {index:5;}">
                    <Coords points="1961,1491 1961,1551 2001,1551 2001,1491"/>
                    <TextEquiv>
                        <Unicode>sie</Unicode>
                    </TextEquiv>
                </Word>
                <Word id="r_10_tl_5_w7" custom="readingOrder {index:6;}">
                    <Coords points="2025,1491 2025,1551 2077,1551 2077,1491"/>
                    <TextEquiv>
                        <Unicode>den</Unicode>
                    </TextEquiv>
                </Word>
                <Word id="r_10_tl_5_w8" custom="readingOrder {index:7;}">
                    <Coords points="2107,1491 2107,1551 2228,1551 2228,1491"/>
                    <TextEquiv>
                        <Unicode>grösten</Unicode>
                    </TextEquiv>
                </Word>
                <TextEquiv>
                    <Unicode>"gungen des Herzens urtheilen. Da sie den grösten</Unicode>
                </TextEquiv>
            </TextLine>
            <TextLine id="r_10_tl_6" custom="readingOrder {index:5;}">
                <Coords points="1206,1594 2240,1594 2215,1544 1206,1544"/>
                <Baseline points="1215,1567 1259,1570 1304,1579 1349,1585 1394,1585 1439,1582 1483,1582 1528,1582 1573,1582 1618,1582 1662,1582 1707,1582 1752,1582 1797,1579 1842,1579 1886,1579 1931,1582 1976,1579 2021,1579 2065,1579 2110,1582 2155,1579 2200,1579 2242,1579"/>
                <Word id="r_10_tl_6_w1" custom="readingOrder {index:0;}">
                    <Coords points="1214,1533 1214,1593 1340,1593 1340,1533"/>
                    <TextEquiv>
                        <Unicode>"Theil</Unicode>
                    </TextEquiv>
                </Word>
                <Word id="r_10_tl_6_w2" custom="readingOrder {index:1;}">
                    <Coords points="1365,1543 1365,1603 1455,1603 1455,1543"/>
                    <TextEquiv>
                        <Unicode>ihres</Unicode>
                    </TextEquiv>
                </Word>
                <Word id="r_10_tl_6_w3" custom="readingOrder {index:2;}">
                    <Coords points="1492,1542 1492,1602 1612,1602 1612,1542"/>
                    <TextEquiv>
                        <Unicode>Lebens</Unicode>
                    </TextEquiv>
                </Word>
                <Word id="r_10_tl_6_w4" custom="readingOrder {index:3;}">
                    <Coords points="1649,1542 1649,1602 1673,1602 1673,1542"/>
                    <TextEquiv>
                        <Unicode>in</Unicode>
                    </TextEquiv>
                </Word>
                <Word id="r_10_tl_6_w5" custom="readingOrder {index:4;}">
                    <Coords points="1710,1541 1710,1601 1800,1601 1800,1541"/>
                    <TextEquiv>
                        <Unicode>ihrem</Unicode>
                    </TextEquiv>
                </Word>
                <Word id="r_10_tl_6_w6" custom="readingOrder {index:5;}">
                    <Coords points="1855,1539 1855,1599 2127,1599 2127,1539"/>
                    <TextEquiv>
                        <Unicode>Büchercabinet</Unicode>
                    </TextEquiv>
                </Word>
                <Word id="r_10_tl_6_w7" custom="readingOrder {index:6;}">
                    <Coords points="2164,1539 2164,1599 2236,1599 2236,1539"/>
                    <TextEquiv>
                        <Unicode>ver¬</Unicode>
                    </TextEquiv>
                </Word>
                <TextEquiv>
                    <Unicode>"Theil ihres Lebens in ihrem Büchercabinet ver¬</Unicode>
                </TextEquiv>
            </TextLine>
            <TextLine id="r_10_tl_7" custom="readingOrder {index:6;}">
                <Coords points="1203,1655 2237,1646 2237,1595 2190,1589 1203,1595"/>
                <Baseline points="1212,1615 1256,1627 1301,1633 1346,1636 1391,1636 1436,1636 1480,1636 1525,1636 1570,1639 1615,1636 1659,1636 1704,1636 1749,1636 1794,1636 1839,1633 1883,1633 1928,1633 1973,1630 2018,1630 2063,1630 2107,1630 2152,1630 2197,1627 2239,1630"/>
                <Word id="r_10_tl_7_w1" custom="readingOrder {index:0;}">
                    <Coords points="1210,1591 1210,1651 1375,1651 1375,1591"/>
                    <TextEquiv>
                        <Unicode>"schlossen</Unicode>
                    </TextEquiv>
                </Word>
                <Word id="r_10_tl_7_w2" custom="readingOrder {index:1;}">
                    <Coords points="1405,1596 1405,1656 1494,1656 1494,1596"/>
                    <TextEquiv>
                        <Unicode>sind,</Unicode>
                    </TextEquiv>
                </Word>
                <Word id="r_10_tl_7_w3" custom="readingOrder {index:2;}">
                    <Coords points="1518,1598 1518,1658 1594,1658 1594,1598"/>
                    <TextEquiv>
                        <Unicode>kann</Unicode>
                    </TextEquiv>
                </Word>
                <Word id="r_10_tl_7_w4" custom="readingOrder {index:3;}">
                    <Coords points="1630,1596 1630,1656 1689,1656 1689,1596"/>
                    <TextEquiv>
                        <Unicode>das</Unicode>
                    </TextEquiv>
                </Word>
                <Word id="r_10_tl_7_w5" custom="readingOrder {index:4;}">
                    <Coords points="1720,1596 1720,1656 1801,1656 1801,1596"/>
                    <TextEquiv>
                        <Unicode>Lesen</Unicode>
                    </TextEquiv>
                </Word>
                <Word id="r_10_tl_7_w6" custom="readingOrder {index:5;}">
                    <Coords points="1832,1593 1832,1653 1884,1653 1884,1593"/>
                    <TextEquiv>
                        <Unicode>den</Unicode>
                    </TextEquiv>
                </Word>
                <Word id="r_10_tl_7_w7" custom="readingOrder {index:6;}">
                    <Coords points="1920,1590 1920,1650 2068,1650 2068,1590"/>
                    <TextEquiv>
                        <Unicode>Mangel</Unicode>
                    </TextEquiv>
                </Word>
                <Word id="r_10_tl_7_w8" custom="readingOrder {index:7;}">
                    <Coords points="2086,1590 2086,1650 2139,1650 2139,1590"/>
                    <TextEquiv>
                        <Unicode>der</Unicode>
                    </TextEquiv>
                </Word>
                <Word id="r_10_tl_7_w9" custom="readingOrder {index:8;}">
                    <Coords points="2163,1587 2163,1647 2233,1647 2233,1587"/>
                    <TextEquiv>
                        <Unicode>Ge¬</Unicode>
                    </TextEquiv>
                </Word>
                <TextEquiv>
                    <Unicode>"schlossen sind, kann das Lesen den Mangel der Ge¬</Unicode>
                </TextEquiv>
            </TextLine>
            <TextLine id="r_10_tl_8" custom="readingOrder {index:7;}">
                <Coords points="1203,1685 1338,1715 2232,1693 2232,1647 2165,1638 1203,1653"/>
                <Baseline points="1212,1668 1256,1680 1301,1686 1346,1689 1391,1689 1436,1689 1480,1689 1525,1689 1570,1686 1615,1686 1659,1686 1704,1689 1749,1689 1794,1686 1839,1686 1883,1683 1928,1683 1973,1683 2018,1683 2063,1683 2107,1683 2152,1680 2197,1683 2236,1683"/>
                <Word id="r_10_tl_8_w1" custom="readingOrder {index:0;}">
                    <Coords points="1204,1645 1204,1705 1385,1705 1385,1645"/>
                    <TextEquiv>
                        <Unicode>"sellschaft</Unicode>
                    </TextEquiv>
                </Word>
                <Word id="r_10_tl_8_w2" custom="readingOrder {index:1;}">
                    <Coords points="1415,1649 1415,1709 1502,1709 1502,1649"/>
                    <TextEquiv>
                        <Unicode>nicht</Unicode>
                    </TextEquiv>
                </Word>
                <Word id="r_10_tl_8_w3" custom="readingOrder {index:2;}">
                    <Coords points="1526,1646 1526,1706 1684,1706 1684,1646"/>
                    <TextEquiv>
                        <Unicode>ersetzen;</Unicode>
                    </TextEquiv>
                </Word>
                <Word id="r_10_tl_8_w4" custom="readingOrder {index:3;}">
                    <Coords points="1720,1649 1720,1709 1760,1709 1760,1649"/>
                    <TextEquiv>
                        <Unicode>sie</Unicode>
                    </TextEquiv>
                </Word>
                <Word id="r_10_tl_8_w5" custom="readingOrder {index:4;}">
                    <Coords points="1790,1645 1790,1705 1906,1705 1906,1645"/>
                    <TextEquiv>
                        <Unicode>kennen</Unicode>
                    </TextEquiv>
                </Word>
                <Word id="r_10_tl_8_w6" custom="readingOrder {index:5;}">
                    <Coords points="1948,1643 1948,1703 2006,1703 2006,1643"/>
                    <TextEquiv>
                        <Unicode>von</Unicode>
                    </TextEquiv>
                </Word>
                <Word id="r_10_tl_8_w7" custom="readingOrder {index:6;}">
                    <Coords points="2036,1643 2036,1703 2088,1703 2088,1643"/>
                    <TextEquiv>
                        <Unicode>den</Unicode>
                    </TextEquiv>
                </Word>
                <Word id="r_10_tl_8_w8" custom="readingOrder {index:7;}">
                    <Coords points="2124,1641 2124,1701 2234,1701 2234,1641"/>
                    <TextEquiv>
                        <Unicode>Men¬</Unicode>
                    </TextEquiv>
                </Word>
                <TextEquiv>
                    <Unicode>"sellschaft nicht ersetzen; sie kennen von den Men¬</Unicode>
                </TextEquiv>
            </TextLine>
            <TextLine id="r_10_tl_9" custom="readingOrder {index:8;}">
                <Coords points="1203,1748 2229,1746 2206,1690 1203,1694"/>
                <Baseline points="1212,1722 1256,1737 1301,1740 1346,1740 1391,1740 1436,1740 1480,1740 1525,1740 1570,1737 1615,1737 1659,1737 1704,1740 1749,1737 1794,1740 1839,1737 1883,1737 1928,1734 1973,1737 2018,1734 2063,1737 2107,1734 2152,1734 2197,1734 2233,1734"/>
                <Word id="r_10_tl_9_w1" custom="readingOrder {index:0;}">
                    <Coords points="1205,1697 1205,1757 1311,1757 1311,1697"/>
                    <TextEquiv>
                        <Unicode>„schen</Unicode>
                    </TextEquiv>
                </Word>
                <Word id="r_10_tl_9_w2" custom="readingOrder {index:1;}">
                    <Coords points="1343,1700 1343,1760 1405,1760 1405,1700"/>
                    <TextEquiv>
                        <Unicode>nur</Unicode>
                    </TextEquiv>
                </Word>
                <Word id="r_10_tl_9_w3" custom="readingOrder {index:2;}">
                    <Coords points="1438,1700 1438,1760 1513,1760 1513,1700"/>
                    <TextEquiv>
                        <Unicode>ihre</Unicode>
                    </TextEquiv>
                </Word>
                <Word id="r_10_tl_9_w4" custom="readingOrder {index:3;}">
                    <Coords points="1533,1697 1533,1757 1740,1757 1740,1697"/>
                    <TextEquiv>
                        <Unicode>Schriften,</Unicode>
                    </TextEquiv>
                </Word>
                <Word id="r_10_tl_9_w5" custom="readingOrder {index:4;}">
                    <Coords points="1766,1699 1766,1759 1803,1759 1803,1699"/>
                    <TextEquiv>
                        <Unicode>sie</Unicode>
                    </TextEquiv>
                </Word>
                <Word id="r_10_tl_9_w6" custom="readingOrder {index:5;}">
                    <Coords points="1829,1694 1829,1754 2011,1754 2011,1694"/>
                    <TextEquiv>
                        <Unicode>schließen,</Unicode>
                    </TextEquiv>
                </Word>
                <Word id="r_10_tl_9_w7" custom="readingOrder {index:6;}">
                    <Coords points="2037,1696 2037,1756 2092,1756 2092,1696"/>
                    <TextEquiv>
                        <Unicode>daß</Unicode>
                    </TextEquiv>
                </Word>
                <Word id="r_10_tl_9_w8" custom="readingOrder {index:7;}">
                    <Coords points="2131,1694 2131,1754 2168,1754 2168,1694"/>
                    <TextEquiv>
                        <Unicode>sie</Unicode>
                    </TextEquiv>
                </Word>
                <Word id="r_10_tl_9_w9" custom="readingOrder {index:8;}">
                    <Coords points="2194,1694 2194,1754 2224,1754 2224,1694"/>
                    <TextEquiv>
                        <Unicode>so</Unicode>
                    </TextEquiv>
                </Word>
                <TextEquiv>
                    <Unicode>„schen nur ihre Schriften, sie schließen, daß sie so</Unicode>
                </TextEquiv>
            </TextLine>
            <TextLine id="r_10_tl_10" custom="readingOrder {index:9;}">
                <Coords points="1210,1799 2232,1795 2232,1752 2179,1740 1210,1752"/>
                <Baseline points="1218,1776 1262,1785 1307,1788 1352,1788 1397,1791 1442,1791 1486,1788 1531,1788 1576,1788 1621,1788 1665,1788 1710,1788 1755,1788 1800,1788 1845,1788 1889,1785 1934,1785 1979,1785 2024,1785 2068,1785 2113,1785 2158,1785 2203,1785 2236,1782"/>
                <Word id="r_10_tl_10_w1" custom="readingOrder {index:0;}">
                    <Coords points="1211,1746 1211,1806 1370,1806 1370,1746"/>
                    <TextEquiv>
                        <Unicode>"gewesen</Unicode>
                    </TextEquiv>
                </Word>
                <Word id="r_10_tl_10_w2" custom="readingOrder {index:1;}">
                    <Coords points="1404,1750 1404,1810 1494,1810 1494,1750"/>
                    <TextEquiv>
                        <Unicode>sind,</Unicode>
                    </TextEquiv>
                </Word>
                <Word id="r_10_tl_10_w3" custom="readingOrder {index:2;}">
                    <Coords points="1518,1748 1518,1808 1569,1808 1569,1748"/>
                    <TextEquiv>
                        <Unicode>als</Unicode>
                    </TextEquiv>
                </Word>
                <Word id="r_10_tl_10_w4" custom="readingOrder {index:3;}">
                    <Coords points="1598,1748 1598,1808 1637,1808 1637,1748"/>
                    <TextEquiv>
                        <Unicode>sie</Unicode>
                    </TextEquiv>
                </Word>
                <Word id="r_10_tl_10_w5" custom="readingOrder {index:4;}">
                    <Coords points="1661,1748 1661,1808 1705,1808 1705,1748"/>
                    <TextEquiv>
                        <Unicode>sich</Unicode>
                    </TextEquiv>
                </Word>
                <Word id="r_10_tl_10_w6" custom="readingOrder {index:5;}">
                    <Coords points="1734,1748 1734,1808 1825,1808 1825,1748"/>
                    <TextEquiv>
                        <Unicode>selbst</Unicode>
                    </TextEquiv>
                </Word>
                <Word id="r_10_tl_10_w7" custom="readingOrder {index:6;}">
                    <Coords points="1848,1745 1848,1805 2007,1805 2007,1745"/>
                    <TextEquiv>
                        <Unicode>darinnen</Unicode>
                    </TextEquiv>
                </Word>
                <Word id="r_10_tl_10_w8" custom="readingOrder {index:7;}">
                    <Coords points="2042,1745 2042,1805 2229,1805 2229,1745"/>
                    <TextEquiv>
                        <Unicode>geschildert</Unicode>
                    </TextEquiv>
                </Word>
                <TextEquiv>
                    <Unicode>"gewesen sind, als sie sich selbst darinnen geschildert</Unicode>
                </TextEquiv>
            </TextLine>
            <TextLine id="r_10_tl_11" custom="readingOrder {index:10;}">
                <Coords points="1210,1845 1861,1835 1919,1870 2003,1834 2220,1839 2220,1793 1210,1799"/>
                <Baseline points="1218,1821 1238,1827 1283,1836 1328,1836 1373,1836 1418,1836 1462,1836 1507,1836 1552,1830 1597,1830 1642,1833 1686,1833 1731,1833 1776,1833 1821,1833 1865,1833 1910,1830 1955,1830 2000,1830 2045,1830 2089,1830 2134,1833 2179,1830 2224,1818"/>
                <Word id="r_10_tl_11_w1" custom="readingOrder {index:0;}">
                    <Coords points="1211,1796 1211,1856 1366,1856 1366,1796"/>
                    <TextEquiv>
                        <Unicode>"haben,</Unicode>
                    </TextEquiv>
                </Word>
                <Word id="r_10_tl_11_w2" custom="readingOrder {index:1;}">
                    <Coords points="1396,1796 1396,1856 1459,1856 1459,1796"/>
                    <TextEquiv>
                        <Unicode>und</Unicode>
                    </TextEquiv>
                </Word>
                <Word id="r_10_tl_11_w3" custom="readingOrder {index:2;}">
                    <Coords points="1494,1794 1494,1854 1539,1854 1539,1794"/>
                    <TextEquiv>
                        <Unicode>die</Unicode>
                    </TextEquiv>
                </Word>
                <Word id="r_10_tl_11_w4" custom="readingOrder {index:3;}">
                    <Coords points="1570,1793 1570,1853 1760,1853 1760,1793"/>
                    <TextEquiv>
                        <Unicode>Erfahrung</Unicode>
                    </TextEquiv>
                </Word>
                <Word id="r_10_tl_11_w5" custom="readingOrder {index:4;}">
                    <Coords points="1789,1793 1789,1853 1829,1853 1829,1793"/>
                    <TextEquiv>
                        <Unicode>rc.</Unicode>
                    </TextEquiv>
                </Word>
                <Word id="r_10_tl_11_w6" custom="readingOrder {index:5;}">
                    <Coords points="1870,1792 1870,1852 1887,1852 1887,1792"/>
                    <TextEquiv>
                        <Unicode>"</Unicode>
                    </TextEquiv>
                </Word>
                <Word id="r_10_tl_11_w7" custom="readingOrder {index:6;}">
                    <Coords points="1911,1790 1911,1850 1986,1850 1986,1790"/>
                    <TextEquiv>
                        <Unicode>Die</Unicode>
                    </TextEquiv>
                </Word>
                <Word id="r_10_tl_11_w8" custom="readingOrder {index:7;}">
                    <Coords points="2009,1790 2009,1850 2182,1850 2182,1790"/>
                    <TextEquiv>
                        <Unicode>Großen,</Unicode>
                    </TextEquiv>
                </Word>
                <TextEquiv>
                    <Unicode>"haben, und die Erfahrung rc. " Die Großen,</Unicode>
                </TextEquiv>
            </TextLine>
            <TextLine id="r_10_tl_12" custom="readingOrder {index:11;}">
                <Coords points="1206,1890 2232,1904 2221,1829 1206,1843"/>
                <Baseline points="1215,1865 1259,1874 1304,1880 1349,1880 1394,1880 1439,1880 1483,1880 1528,1880 1573,1880 1618,1883 1662,1880 1707,1880 1752,1880 1797,1883 1842,1880 1886,1880 1931,1871 1976,1874 2021,1877 2065,1880 2110,1880 2155,1880 2200,1880 2236,1883"/>
                <Word id="r_10_tl_12_w1" custom="readingOrder {index:0;}">
                    <Coords points="1208,1833 1208,1893 1303,1893 1303,1833"/>
                    <TextEquiv>
                        <Unicode>"sagt</Unicode>
                    </TextEquiv>
                </Word>
                <Word id="r_10_tl_12_w2" custom="readingOrder {index:1;}">
                    <Coords points="1328,1840 1328,1900 1382,1900 1382,1840"/>
                    <TextEquiv>
                        <Unicode>der</Unicode>
                    </TextEquiv>
                </Word>
                <Word id="r_10_tl_12_w3" custom="readingOrder {index:2;}">
                    <Coords points="1413,1840 1413,1900 1497,1900 1497,1840"/>
                    <TextEquiv>
                        <Unicode>Herr</Unicode>
                    </TextEquiv>
                </Word>
                <Word id="r_10_tl_12_w4" custom="readingOrder {index:3;}">
                    <Coords points="1534,1843 1534,1903 1702,1903 1702,1843"/>
                    <TextEquiv>
                        <Unicode>Marquis</Unicode>
                    </TextEquiv>
                </Word>
                <Word id="r_10_tl_12_w5" custom="readingOrder {index:4;}">
                    <Coords points="1733,1840 1733,1900 1787,1900 1787,1840"/>
                    <TextEquiv>
                        <Unicode>S.</Unicode>
                    </TextEquiv>
                </Word>
                <Word id="r_10_tl_12_w6" custom="readingOrder {index:5;}">
                    <Coords points="1812,1840 1812,1900 1926,1900 1926,1840"/>
                    <TextEquiv>
                        <Unicode>385.”</Unicode>
                    </TextEquiv>
                </Word>
                <Word id="r_10_tl_12_w7" custom="readingOrder {index:6;}">
                    <Coords points="1963,1837 1963,1897 2095,1897 2095,1837"/>
                    <TextEquiv>
                        <Unicode>wählen</Unicode>
                    </TextEquiv>
                </Word>
                <Word id="r_10_tl_12_w8" custom="readingOrder {index:7;}">
                    <Coords points="2126,1840 2126,1900 2216,1900 2216,1840"/>
                    <TextEquiv>
                        <Unicode>selten</Unicode>
                    </TextEquiv>
                </Word>
                <TextEquiv>
                    <Unicode>"sagt der Herr Marquis S. 385.” wählen selten</Unicode>
                </TextEquiv>
            </TextLine>
            <TextLine id="r_10_tl_13" custom="readingOrder {index:12;}">
                <Coords points="1197,1936 2231,1942 2231,1904 2157,1882 2108,1909 1197,1890"/>
                <Baseline points="1206,1913 1250,1919 1295,1925 1340,1928 1385,1928 1430,1931 1474,1928 1519,1931 1564,1931 1609,1931 1653,1931 1698,1931 1743,1928 1788,1928 1833,1928 1877,1925 1922,1928 1967,1925 2012,1928 2057,1928 2101,1928 2146,1928 2191,1931 2233,1934"/>
                <Word id="r_10_tl_13_w1" custom="readingOrder {index:0;}">
                    <Coords points="1203,1885 1203,1945 1397,1945 1397,1885"/>
                    <TextEquiv>
                        <Unicode>„Personen</Unicode>
                    </TextEquiv>
                </Word>
                <Word id="r_10_tl_13_w2" custom="readingOrder {index:1;}">
                    <Coords points="1436,1888 1436,1948 1495,1948 1495,1888"/>
                    <TextEquiv>
                        <Unicode>von</Unicode>
                    </TextEquiv>
                </Word>
                <Word id="r_10_tl_13_w3" custom="readingOrder {index:2;}">
                    <Coords points="1534,1891 1534,1951 1620,1951 1620,1891"/>
                    <TextEquiv>
                        <Unicode>einem</Unicode>
                    </TextEquiv>
                </Word>
                <Word id="r_10_tl_13_w4" custom="readingOrder {index:3;}">
                    <Coords points="1664,1888 1664,1948 1805,1948 1805,1888"/>
                    <TextEquiv>
                        <Unicode>gewißen</Unicode>
                    </TextEquiv>
                </Word>
                <Word id="r_10_tl_13_w5" custom="readingOrder {index:4;}">
                    <Coords points="1844,1887 1844,1947 2022,1947 2022,1887"/>
                    <TextEquiv>
                        <Unicode>Verdienst</Unicode>
                    </TextEquiv>
                </Word>
                <Word id="r_10_tl_13_w6" custom="readingOrder {index:5;}">
                    <Coords points="2050,1888 2050,1948 2082,1948 2082,1888"/>
                    <TextEquiv>
                        <Unicode>zu</Unicode>
                    </TextEquiv>
                </Word>
                <Word id="r_10_tl_13_w7" custom="readingOrder {index:6;}">
                    <Coords points="2126,1889 2126,1949 2212,1949 2212,1889"/>
                    <TextEquiv>
                        <Unicode>ihren</Unicode>
                    </TextEquiv>
                </Word>
                <TextEquiv>
                    <Unicode>„Personen von einem gewißen Verdienst zu ihren</Unicode>
                </TextEquiv>
            </TextLine>
            <TextLine id="r_10_tl_14" custom="readingOrder {index:13;}">
                <Coords points="1200,1994 2226,1991 2226,1941 2118,1930 1200,1933"/>
                <Baseline points="1209,1964 1253,1970 1298,1976 1343,1976 1388,1976 1433,1979 1477,1979 1522,1979 1567,1979 1612,1982 1656,1982 1701,1982 1746,1979 1791,1979 1836,1979 1880,1979 1925,1979 1970,1979 2015,1979 2060,1979 2104,1979 2149,1979 2194,1979 2230,1979"/>
                <Word id="r_10_tl_14_w1" custom="readingOrder {index:0;}">
                    <Coords points="1205,1936 1205,1996 1426,1996 1426,1936"/>
                    <TextEquiv>
                        <Unicode>"Freunden,</Unicode>
                    </TextEquiv>
                </Word>
                <Word id="r_10_tl_14_w2" custom="readingOrder {index:1;}">
                    <Coords points="1453,1939 1453,1999 1616,1999 1616,1939"/>
                    <TextEquiv>
                        <Unicode>entweder</Unicode>
                    </TextEquiv>
                </Word>
                <Word id="r_10_tl_14_w3" custom="readingOrder {index:2;}">
                    <Coords points="1638,1942 1638,2002 1701,2002 1701,1942"/>
                    <TextEquiv>
                        <Unicode>aus</Unicode>
                    </TextEquiv>
                </Word>
                <Word id="r_10_tl_14_w4" custom="readingOrder {index:3;}">
                    <Coords points="1734,1939 1734,1999 1817,1999 1817,1939"/>
                    <TextEquiv>
                        <Unicode>einem</Unicode>
                    </TextEquiv>
                </Word>
                <Word id="r_10_tl_14_w5" custom="readingOrder {index:4;}">
                    <Coords points="1866,1939 1866,1999 2013,1999 2013,1939"/>
                    <TextEquiv>
                        <Unicode>Mangel</Unicode>
                    </TextEquiv>
                </Word>
                <Word id="r_10_tl_14_w6" custom="readingOrder {index:5;}">
                    <Coords points="2034,1939 2034,1999 2086,1999 2086,1939"/>
                    <TextEquiv>
                        <Unicode>der</Unicode>
                    </TextEquiv>
                </Word>
                <Word id="r_10_tl_14_w7" custom="readingOrder {index:6;}">
                    <Coords points="2108,1939 2108,1999 2224,1999 2224,1939"/>
                    <TextEquiv>
                        <Unicode>Unter¬</Unicode>
                    </TextEquiv>
                </Word>
                <TextEquiv>
                    <Unicode>"Freunden, entweder aus einem Mangel der Unter¬</Unicode>
                </TextEquiv>
            </TextLine>
            <TextLine id="r_10_tl_15" custom="readingOrder {index:14;}">
                <Coords points="1200,2038 2229,2041 2229,1988 1200,1994"/>
                <Baseline points="1209,2012 1253,2021 1298,2024 1343,2024 1388,2024 1433,2024 1477,2024 1522,2024 1567,2027 1612,2030 1656,2030 1701,2030 1746,2027 1791,2027 1836,2027 1880,2030 1925,2027 1970,2027 2015,2027 2060,2027 2104,2030 2149,2030 2194,2030 2233,2030"/>
                <Word id="r_10_tl_15_w1" custom="readingOrder {index:0;}">
                    <Coords points="1200,1984 1200,2044 1422,2044 1422,1984"/>
                    <TextEquiv>
                        <Unicode>„scheidung,</Unicode>
                    </TextEquiv>
                </Word>
                <Word id="r_10_tl_15_w2" custom="readingOrder {index:1;}">
                    <Coords points="1443,1984 1443,2044 1522,2044 1522,1984"/>
                    <TextEquiv>
                        <Unicode>oder</Unicode>
                    </TextEquiv>
                </Word>
                <Word id="r_10_tl_15_w3" custom="readingOrder {index:2;}">
                    <Coords points="1549,1987 1549,2047 1596,2047 1596,1987"/>
                    <TextEquiv>
                        <Unicode>rc.</Unicode>
                    </TextEquiv>
                </Word>
                <Word id="r_10_tl_15_w4" custom="readingOrder {index:3;}">
                    <Coords points="1645,1990 1645,2050 1718,2050 1718,1990"/>
                    <TextEquiv>
                        <Unicode>Sie</Unicode>
                    </TextEquiv>
                </Word>
                <Word id="r_10_tl_15_w5" custom="readingOrder {index:4;}">
                    <Coords points="1751,1987 1751,2047 1888,2047 1888,1987"/>
                    <TextEquiv>
                        <Unicode>widmen</Unicode>
                    </TextEquiv>
                </Word>
                <Word id="r_10_tl_15_w6" custom="readingOrder {index:5;}">
                    <Coords points="1925,1987 1925,2047 2020,2047 2020,1987"/>
                    <TextEquiv>
                        <Unicode>denen</Unicode>
                    </TextEquiv>
                </Word>
                <Word id="r_10_tl_15_w7" custom="readingOrder {index:6;}">
                    <Coords points="2058,1988 2058,2048 2111,2048 2111,1988"/>
                    <TextEquiv>
                        <Unicode>ihr</Unicode>
                    </TextEquiv>
                </Word>
                <Word id="r_10_tl_15_w8" custom="readingOrder {index:7;}">
                    <Coords points="2138,1990 2138,2050 2227,2050 2227,1990"/>
                    <TextEquiv>
                        <Unicode>Ver¬</Unicode>
                    </TextEquiv>
                </Word>
                <TextEquiv>
                    <Unicode>„scheidung, oder rc. Sie widmen denen ihr Ver¬</Unicode>
                </TextEquiv>
            </TextLine>
            <TextLine id="r_10_tl_16" custom="readingOrder {index:15;}">
                <Coords points="1200,2080 2226,2088 2217,2039 1200,2036"/>
                <Baseline points="1209,2063 1253,2074 1298,2074 1343,2074 1388,2071 1433,2068 1477,2068 1522,2068 1567,2068 1612,2071 1656,2071 1701,2074 1746,2074 1791,2074 1836,2074 1880,2074 1925,2074 1970,2074 2015,2074 2060,2074 2104,2077 2149,2077 2194,2077 2230,2080"/>
                <Word id="r_10_tl_16_w1" custom="readingOrder {index:0;}">
                    <Coords points="1200,2034 1200,2094 1363,2094 1363,2034"/>
                    <TextEquiv>
                        <Unicode>trauen,</Unicode>
                    </TextEquiv>
                </Word>
                <Word id="r_10_tl_16_w2" custom="readingOrder {index:1;}">
                    <Coords points="1390,2029 1390,2089 1437,2089 1437,2029"/>
                    <TextEquiv>
                        <Unicode>die</Unicode>
                    </TextEquiv>
                </Word>
                <Word id="r_10_tl_16_w3" custom="readingOrder {index:2;}">
                    <Coords points="1459,2028 1459,2088 1548,2088 1548,2028"/>
                    <TextEquiv>
                        <Unicode>ihrer</Unicode>
                    </TextEquiv>
                </Word>
                <Word id="r_10_tl_16_w4" custom="readingOrder {index:3;}">
                    <Coords points="1580,2031 1580,2091 1648,2091 1648,2031"/>
                    <TextEquiv>
                        <Unicode>Art</Unicode>
                    </TextEquiv>
                </Word>
                <Word id="r_10_tl_16_w5" custom="readingOrder {index:4;}">
                    <Coords points="1675,2034 1675,2094 1749,2094 1749,2034"/>
                    <TextEquiv>
                        <Unicode>nach</Unicode>
                    </TextEquiv>
                </Word>
                <Word id="r_10_tl_16_w6" custom="readingOrder {index:5;}">
                    <Coords points="1776,2034 1776,2094 1923,2094 1923,2034"/>
                    <TextEquiv>
                        <Unicode>deßelben</Unicode>
                    </TextEquiv>
                </Word>
                <Word id="r_10_tl_16_w7" custom="readingOrder {index:6;}">
                    <Coords points="1960,2034 1960,2094 1997,2094 1997,2034"/>
                    <TextEquiv>
                        <Unicode>am</Unicode>
                    </TextEquiv>
                </Word>
                <Word id="r_10_tl_16_w8" custom="readingOrder {index:7;}">
                    <Coords points="2040,2037 2040,2097 2208,2097 2208,2037"/>
                    <TextEquiv>
                        <Unicode>wenigsten</Unicode>
                    </TextEquiv>
                </Word>
                <TextEquiv>
                    <Unicode>trauen, die ihrer Art nach deßelben am wenigsten</Unicode>
                </TextEquiv>
            </TextLine>
            <TextLine id="r_10_tl_17" custom="readingOrder {index:16;}">
                <Coords points="1191,2137 2224,2134 2212,2085 1191,2085"/>
                <Baseline points="1200,2110 1244,2119 1289,2125 1334,2119 1379,2119 1424,2119 1468,2116 1513,2116 1558,2113 1603,2113 1648,2116 1692,2116 1737,2119 1782,2119 1827,2119 1871,2119 1916,2119 1961,2116 2006,2119 2051,2119 2095,2122 2140,2122 2185,2125 2227,2128"/>
                <Word id="r_10_tl_17_w1" custom="readingOrder {index:0;}">
                    <Coords points="1197,2080 1197,2140 1318,2140 1318,2080"/>
                    <TextEquiv>
                        <Unicode>„werth</Unicode>
                    </TextEquiv>
                </Word>
                <Word id="r_10_tl_17_w2" custom="readingOrder {index:1;}">
                    <Coords points="1357,2079 1357,2139 1440,2139 1440,2079"/>
                    <TextEquiv>
                        <Unicode>sind,</Unicode>
                    </TextEquiv>
                </Word>
                <Word id="r_10_tl_17_w3" custom="readingOrder {index:2;}">
                    <Coords points="1474,2076 1474,2136 1534,2136 1534,2076"/>
                    <TextEquiv>
                        <Unicode>und</Unicode>
                    </TextEquiv>
                </Word>
                <Word id="r_10_tl_17_w4" custom="readingOrder {index:3;}">
                    <Coords points="1562,2073 1562,2133 1640,2133 1640,2073"/>
                    <TextEquiv>
                        <Unicode>weil</Unicode>
                    </TextEquiv>
                </Word>
                <Word id="r_10_tl_17_w5" custom="readingOrder {index:4;}">
                    <Coords points="1668,2076 1668,2136 1706,2136 1706,2076"/>
                    <TextEquiv>
                        <Unicode>sie</Unicode>
                    </TextEquiv>
                </Word>
                <Word id="r_10_tl_17_w6" custom="readingOrder {index:5;}">
                    <Coords points="1734,2079 1734,2139 1789,2139 1789,2079"/>
                    <TextEquiv>
                        <Unicode>sich</Unicode>
                    </TextEquiv>
                </Word>
                <Word id="r_10_tl_17_w7" custom="readingOrder {index:6;}">
                    <Coords points="1829,2079 1829,2139 1922,2139 1922,2079"/>
                    <TextEquiv>
                        <Unicode>mehr</Unicode>
                    </TextEquiv>
                </Word>
                <Word id="r_10_tl_17_w8" custom="readingOrder {index:7;}">
                    <Coords points="1950,2079 1950,2139 2127,2139 2127,2079"/>
                    <TextEquiv>
                        <Unicode>Einsichten</Unicode>
                    </TextEquiv>
                </Word>
                <Word id="r_10_tl_17_w9" custom="readingOrder {index:8;}">
                    <Coords points="2167,2085 2167,2145 2216,2145 2216,2085"/>
                    <TextEquiv>
                        <Unicode>als</Unicode>
                    </TextEquiv>
                </Word>
                <TextEquiv>
                    <Unicode>„werth sind, und weil sie sich mehr Einsichten als</Unicode>
                </TextEquiv>
            </TextLine>
            <TextLine id="r_10_tl_18" custom="readingOrder {index:17;}">
                <Coords points="1200,2185 2229,2185 2229,2137 2168,2129 1200,2137"/>
                <Baseline points="1209,2161 1253,2170 1298,2170 1343,2167 1388,2167 1433,2164 1477,2161 1522,2161 1567,2164 1612,2164 1656,2164 1701,2164 1746,2164 1791,2164 1836,2167 1880,2167 1925,2164 1970,2164 2015,2167 2060,2167 2104,2170 2149,2170 2194,2173 2233,2173"/>
                <Word id="r_10_tl_18_w1" custom="readingOrder {index:0;}">
                    <Coords points="1201,2128 1201,2188 1287,2188 1287,2128"/>
                    <TextEquiv>
                        <Unicode>Valle</Unicode>
                    </TextEquiv>
                </Word>
                <Word id="r_10_tl_18_w2" custom="readingOrder {index:1;}">
                    <Coords points="1311,2127 1311,2187 1426,2187 1426,2127"/>
                    <TextEquiv>
                        <Unicode>andere</Unicode>
                    </TextEquiv>
                </Word>
                <Word id="r_10_tl_18_w3" custom="readingOrder {index:2;}">
                    <Coords points="1444,2121 1444,2181 1617,2181 1617,2121"/>
                    <TextEquiv>
                        <Unicode>Menschen</Unicode>
                    </TextEquiv>
                </Word>
                <Word id="r_10_tl_18_w4" custom="readingOrder {index:3;}">
                    <Coords points="1647,2124 1647,2184 1832,2184 1832,2124"/>
                    <TextEquiv>
                        <Unicode>zutrauen,</Unicode>
                    </TextEquiv>
                </Word>
                <Word id="r_10_tl_18_w5" custom="readingOrder {index:4;}">
                    <Coords points="1862,2127 1862,2187 1884,2187 1884,2127"/>
                    <TextEquiv>
                        <Unicode>so</Unicode>
                    </TextEquiv>
                </Word>
                <Word id="r_10_tl_18_w6" custom="readingOrder {index:5;}">
                    <Coords points="1914,2124 1914,2184 2017,2184 2017,2124"/>
                    <TextEquiv>
                        <Unicode>suchen</Unicode>
                    </TextEquiv>
                </Word>
                <Word id="r_10_tl_18_w7" custom="readingOrder {index:6;}">
                    <Coords points="2047,2127 2047,2187 2087,2187 2087,2127"/>
                    <TextEquiv>
                        <Unicode>sie</Unicode>
                    </TextEquiv>
                </Word>
                <Word id="r_10_tl_18_w8" custom="readingOrder {index:7;}">
                    <Coords points="2105,2130 2105,2190 2127,2190 2127,2130"/>
                    <TextEquiv>
                        <Unicode>in</Unicode>
                    </TextEquiv>
                </Word>
                <Word id="r_10_tl_18_w9" custom="readingOrder {index:8;}">
                    <Coords points="2157,2132 2157,2192 2208,2192 2208,2132"/>
                    <TextEquiv>
                        <Unicode>den</Unicode>
                    </TextEquiv>
                </Word>
                <TextEquiv>
                    <Unicode>Valle andere Menschen zutrauen, so suchen sie in den</Unicode>
                </TextEquiv>
            </TextLine>
            <TextLine id="r_10_tl_19" custom="readingOrder {index:18;}">
                <Coords points="1191,2228 2214,2237 2214,2187 2170,2177 1191,2181"/>
                <Baseline points="1200,2206 1244,2212 1289,2215 1334,2215 1379,2215 1424,2212 1468,2215 1513,2215 1558,2215 1603,2218 1648,2218 1692,2218 1737,2218 1782,2218 1827,2218 1871,2215 1916,2215 1961,2218 2006,2218 2051,2218 2095,2221 2140,2221 2185,2224 2218,2227"/>
                <Word id="r_10_tl_19_w1" custom="readingOrder {index:0;}">
                    <Coords points="1199,2175 1199,2235 1413,2235 1413,2175"/>
                    <TextEquiv>
                        <Unicode>„Personen,</Unicode>
                    </TextEquiv>
                </Word>
                <Word id="r_10_tl_19_w2" custom="readingOrder {index:1;}">
                    <Coords points="1439,2175 1439,2235 1572,2235 1572,2175"/>
                    <TextEquiv>
                        <Unicode>welchen</Unicode>
                    </TextEquiv>
                </Word>
                <Word id="r_10_tl_19_w3" custom="readingOrder {index:2;}">
                    <Coords points="1610,2178 1610,2238 1647,2238 1647,2178"/>
                    <TextEquiv>
                        <Unicode>sie</Unicode>
                    </TextEquiv>
                </Word>
                <Word id="r_10_tl_19_w4" custom="readingOrder {index:3;}">
                    <Coords points="1680,2178 1680,2238 1748,2238 1748,2178"/>
                    <TextEquiv>
                        <Unicode>ihre</Unicode>
                    </TextEquiv>
                </Word>
                <Word id="r_10_tl_19_w5" custom="readingOrder {index:4;}">
                    <Coords points="1774,2175 1774,2235 2014,2235 2014,2175"/>
                    <TextEquiv>
                        <Unicode>Freundschaft</Unicode>
                    </TextEquiv>
                </Word>
                <Word id="r_10_tl_19_w6" custom="readingOrder {index:5;}">
                    <Coords points="2040,2181 2040,2241 2216,2241 2216,2181"/>
                    <TextEquiv>
                        <Unicode>schenken,</Unicode>
                    </TextEquiv>
                </Word>
                <TextEquiv>
                    <Unicode>„Personen, welchen sie ihre Freundschaft schenken,</Unicode>
                </TextEquiv>
            </TextLine>
            <TextLine id="r_10_tl_20" custom="readingOrder {index:19;}">
                <Coords points="1206,2284 2229,2286 2193,2231 1206,2234"/>
                <Baseline points="1215,2266 1259,2269 1304,2266 1349,2266 1394,2263 1439,2266 1483,2266 1528,2266 1573,2269 1618,2271 1662,2271 1707,2271 1752,2271 1797,2269 1842,2269 1886,2269 1931,2271 1976,2271 2021,2274 2065,2271 2110,2271 2155,2271 2200,2274 2233,2274"/>
                <Word id="r_10_tl_20_w1" custom="readingOrder {index:0;}">
                    <Coords points="1207,2229 1207,2289 1311,2289 1311,2229"/>
                    <TextEquiv>
                        <Unicode>mehr</Unicode>
                    </TextEquiv>
                </Word>
                <Word id="r_10_tl_20_w2" custom="readingOrder {index:1;}">
                    <Coords points="1340,2226 1340,2286 1565,2286 1565,2226"/>
                    <TextEquiv>
                        <Unicode>Schmeichler</Unicode>
                    </TextEquiv>
                </Word>
                <Word id="r_10_tl_20_w3" custom="readingOrder {index:2;}">
                    <Coords points="1595,2231 1595,2291 1646,2291 1646,2231"/>
                    <TextEquiv>
                        <Unicode>als</Unicode>
                    </TextEquiv>
                </Word>
                <Word id="r_10_tl_20_w4" custom="readingOrder {index:3;}">
                    <Coords points="1676,2229 1676,2289 1878,2289 1878,2229"/>
                    <TextEquiv>
                        <Unicode>Freunde.”</Unicode>
                    </TextEquiv>
                </Word>
                <Word id="r_10_tl_20_w5" custom="readingOrder {index:4;}">
                    <Coords points="1942,2231 1942,2291 2029,2291 2029,2231"/>
                    <TextEquiv>
                        <Unicode>Eine</Unicode>
                    </TextEquiv>
                </Word>
                <Word id="r_10_tl_20_w6" custom="readingOrder {index:5;}">
                    <Coords points="2052,2231 2052,2291 2220,2291 2220,2231"/>
                    <TextEquiv>
                        <Unicode>chronolo¬</Unicode>
                    </TextEquiv>
                </Word>
                <TextEquiv>
                    <Unicode>mehr Schmeichler als Freunde.” Eine chronolo¬</Unicode>
                </TextEquiv>
            </TextLine>
            <TextLine id="r_10_tl_21" custom="readingOrder {index:20;}">
                <Coords points="1191,2336 2217,2334 2199,2283 1191,2286"/>
                <Baseline points="1200,2325 1244,2319 1289,2316 1334,2313 1379,2313 1424,2313 1468,2316 1513,2319 1558,2319 1603,2322 1648,2322 1692,2322 1737,2325 1782,2325 1827,2322 1871,2322 1916,2319 1961,2319 2006,2319 2051,2322 2095,2325 2140,2322 2185,2325 2221,2328"/>
                <Word id="r_10_tl_21_w1" custom="readingOrder {index:0;}">
                    <Coords points="1192,2279 1192,2339 1292,2339 1292,2279"/>
                    <TextEquiv>
                        <Unicode>gische</Unicode>
                    </TextEquiv>
                </Word>
                <Word id="r_10_tl_21_w2" custom="readingOrder {index:1;}">
                    <Coords points="1316,2273 1316,2333 1522,2333 1522,2273"/>
                    <TextEquiv>
                        <Unicode>Kleinigkeit</Unicode>
                    </TextEquiv>
                </Word>
                <Word id="r_10_tl_21_w3" custom="readingOrder {index:2;}">
                    <Coords points="1552,2282 1552,2342 1777,2342 1777,2282"/>
                    <TextEquiv>
                        <Unicode>anlangend,</Unicode>
                    </TextEquiv>
                </Word>
                <Word id="r_10_tl_21_w4" custom="readingOrder {index:3;}">
                    <Coords points="1801,2282 1801,2342 1930,2342 1930,2282"/>
                    <TextEquiv>
                        <Unicode>kommt</Unicode>
                    </TextEquiv>
                </Word>
                <Word id="r_10_tl_21_w5" custom="readingOrder {index:4;}">
                    <Coords points="1954,2279 1954,2339 2018,2339 2018,2279"/>
                    <TextEquiv>
                        <Unicode>uns</Unicode>
                    </TextEquiv>
                </Word>
                <Word id="r_10_tl_21_w6" custom="readingOrder {index:5;}">
                    <Coords points="2049,2282 2049,2342 2207,2342 2207,2282"/>
                    <TextEquiv>
                        <Unicode>Baylens</Unicode>
                    </TextEquiv>
                </Word>
                <TextEquiv>
                    <Unicode>gische Kleinigkeit anlangend, kommt uns Baylens</Unicode>
                </TextEquiv>
            </TextLine>
            <TextLine id="r_10_tl_22" custom="readingOrder {index:21;}">
                <Coords points="1194,2380 2049,2405 2220,2395 2218,2331 1192,2334"/>
                <Baseline points="1203,2370 1247,2367 1292,2364 1337,2364 1382,2364 1427,2367 1471,2370 1516,2370 1561,2373 1606,2373 1650,2373 1695,2376 1740,2373 1785,2373 1830,2373 1874,2373 1919,2373 1964,2373 2009,2373 2054,2373 2098,2373 2143,2373 2188,2376 2224,2370"/>
                <Word id="r_10_tl_22_w1" custom="readingOrder {index:0;}">
                    <Coords points="1199,2324 1199,2384 1429,2384 1429,2324"/>
                    <TextEquiv>
                        <Unicode>Vermuthung</Unicode>
                    </TextEquiv>
                </Word>
                <Word id="r_10_tl_22_w2" custom="readingOrder {index:1;}">
                    <Coords points="1465,2333 1465,2393 1765,2393 1765,2333"/>
                    <TextEquiv>
                        <Unicode>wahrscheinlicher</Unicode>
                    </TextEquiv>
                </Word>
                <Word id="r_10_tl_22_w3" custom="readingOrder {index:2;}">
                    <Coords points="1789,2333 1789,2393 1870,2393 1870,2333"/>
                    <TextEquiv>
                        <Unicode>vor,</Unicode>
                    </TextEquiv>
                </Word>
                <Word id="r_10_tl_22_w4" custom="readingOrder {index:3;}">
                    <Coords points="1899,2333 1899,2393 1951,2393 1951,2333"/>
                    <TextEquiv>
                        <Unicode>daß</Unicode>
                    </TextEquiv>
                </Word>
                <Word id="r_10_tl_22_w5" custom="readingOrder {index:4;}">
                    <Coords points="1980,2333 1980,2393 2130,2393 2130,2333"/>
                    <TextEquiv>
                        <Unicode>Charron</Unicode>
                    </TextEquiv>
                </Word>
                <Word id="r_10_tl_22_w6" custom="readingOrder {index:5;}">
                    <Coords points="2159,2335 2159,2395 2216,2395 2216,2335"/>
                    <TextEquiv>
                        <Unicode>sei¬</Unicode>
                    </TextEquiv>
                </Word>
                <TextEquiv>
                    <Unicode>Vermuthung wahrscheinlicher vor, daß Charron sei¬</Unicode>
                </TextEquiv>
            </TextLine>
            <TextLine id="r_10_tl_23" custom="readingOrder {index:22;}">
                <Coords points="1186,2432 2212,2435 2212,2392 2132,2381 1186,2392"/>
                <Baseline points="1194,2415 1238,2418 1283,2415 1328,2415 1373,2418 1418,2418 1462,2421 1507,2424 1552,2424 1597,2424 1642,2424 1686,2424 1731,2424 1776,2421 1821,2424 1865,2421 1910,2424 1955,2424 2000,2424 2045,2421 2089,2424 2134,2424 2179,2424 2215,2424"/>
                <Word id="r_10_tl_23_w1" custom="readingOrder {index:0;}">
                    <Coords points="1187,2376 1187,2436 1244,2436 1244,2376"/>
                    <TextEquiv>
                        <Unicode>nen</Unicode>
                    </TextEquiv>
                </Word>
                <Word id="r_10_tl_23_w2" custom="readingOrder {index:1;}">
                    <Coords points="1274,2376 1274,2436 1430,2436 1430,2376"/>
                    <TextEquiv>
                        <Unicode>Freund,</Unicode>
                    </TextEquiv>
                </Word>
                <Word id="r_10_tl_23_w3" custom="readingOrder {index:2;}">
                    <Coords points="1454,2382 1454,2442 1505,2442 1505,2382"/>
                    <TextEquiv>
                        <Unicode>den</Unicode>
                    </TextEquiv>
                </Word>
                <Word id="r_10_tl_23_w4" custom="readingOrder {index:3;}">
                    <Coords points="1536,2384 1536,2444 1616,2444 1616,2384"/>
                    <TextEquiv>
                        <Unicode>edlen</Unicode>
                    </TextEquiv>
                </Word>
                <Word id="r_10_tl_23_w5" custom="readingOrder {index:4;}">
                    <Coords points="1651,2383 1651,2443 1814,2443 1814,2383"/>
                    <TextEquiv>
                        <Unicode>Verfaßer</Unicode>
                    </TextEquiv>
                </Word>
                <Word id="r_10_tl_23_w6" custom="readingOrder {index:5;}">
                    <Coords points="1837,2384 1837,2444 2034,2444 2034,2384"/>
                    <TextEquiv>
                        <Unicode>Montagne</Unicode>
                    </TextEquiv>
                </Word>
                <Word id="r_10_tl_23_w7" custom="readingOrder {index:6;}">
                    <Coords points="2059,2383 2059,2443 2093,2443 2093,2383"/>
                    <TextEquiv>
                        <Unicode>an</Unicode>
                    </TextEquiv>
                </Word>
                <Word id="r_10_tl_23_w8" custom="readingOrder {index:7;}">
                    <Coords points="2122,2384 2122,2444 2214,2444 2214,2384"/>
                    <TextEquiv>
                        <Unicode>man¬</Unicode>
                    </TextEquiv>
                </Word>
                <TextEquiv>
                    <Unicode>nen Freund, den edlen Verfaßer Montagne an man¬</Unicode>
                </TextEquiv>
            </TextLine>
            <TextLine id="r_10_tl_24" custom="readingOrder {index:23;}">
                <Coords points="1194,2479 2206,2485 2192,2433 1194,2427"/>
                <Baseline points="1203,2469 1247,2466 1292,2463 1337,2466 1382,2469 1427,2469 1471,2472 1516,2475 1561,2472 1606,2475 1650,2475 1695,2477 1740,2477 1785,2477 1830,2475 1874,2475 1919,2475 1964,2475 2009,2475 2054,2472 2098,2475 2143,2475 2188,2475 2209,2472"/>
                <Word id="r_10_tl_24_w1" custom="readingOrder {index:0;}">
                    <Coords points="1196,2427 1196,2487 1258,2487 1258,2427"/>
                    <TextEquiv>
                        <Unicode>cher</Unicode>
                    </TextEquiv>
                </Word>
                <Word id="r_10_tl_24_w2" custom="readingOrder {index:1;}">
                    <Coords points="1284,2426 1284,2486 1397,2486 1397,2426"/>
                    <TextEquiv>
                        <Unicode>Stelle</Unicode>
                    </TextEquiv>
                </Word>
                <Word id="r_10_tl_24_w3" custom="readingOrder {index:2;}">
                    <Coords points="1422,2432 1422,2492 1528,2492 1528,2432"/>
                    <TextEquiv>
                        <Unicode>Wort</Unicode>
                    </TextEquiv>
                </Word>
                <Word id="r_10_tl_24_w4" custom="readingOrder {index:3;}">
                    <Coords points="1548,2432 1548,2492 1598,2492 1598,2432"/>
                    <TextEquiv>
                        <Unicode>für</Unicode>
                    </TextEquiv>
                </Word>
                <Word id="r_10_tl_24_w5" custom="readingOrder {index:4;}">
                    <Coords points="1624,2436 1624,2496 1730,2496 1730,2436"/>
                    <TextEquiv>
                        <Unicode>Wort</Unicode>
                    </TextEquiv>
                </Word>
                <Word id="r_10_tl_24_w6" custom="readingOrder {index:5;}">
                    <Coords points="1756,2435 1756,2495 2026,2495 2026,2435"/>
                    <TextEquiv>
                        <Unicode>abgeschrieben;</Unicode>
                    </TextEquiv>
                </Word>
                <Word id="r_10_tl_24_w7" custom="readingOrder {index:6;}">
                    <Coords points="2058,2434 2058,2494 2132,2494 2132,2434"/>
                    <TextEquiv>
                        <Unicode>weil</Unicode>
                    </TextEquiv>
                </Word>
                <Word id="r_10_tl_24_w8" custom="readingOrder {index:7;}">
                    <Coords points="2152,2435 2152,2495 2201,2495 2201,2435"/>
                    <TextEquiv>
                        <Unicode>des</Unicode>
                    </TextEquiv>
                </Word>
                <TextEquiv>
                    <Unicode>cher Stelle Wort für Wort abgeschrieben; weil des</Unicode>
                </TextEquiv>
            </TextLine>
            <TextLine id="r_10_tl_25" custom="readingOrder {index:24;}">
                <Coords points="1186,2532 2209,2534 2209,2491 2050,2479 1815,2507 1186,2480"/>
                <Baseline points="1194,2513 1238,2513 1283,2513 1328,2516 1373,2519 1418,2519 1462,2522 1507,2525 1552,2525 1597,2525 1642,2525 1686,2525 1731,2522 1776,2525 1821,2525 1865,2525 1910,2525 1955,2522 2000,2522 2045,2525 2089,2525 2134,2522 2179,2525 2212,2525"/>
                <Word id="r_10_tl_25_w1" custom="readingOrder {index:0;}">
                    <Coords points="1188,2473 1188,2533 1329,2533 1329,2473"/>
                    <TextEquiv>
                        <Unicode>letzteren</Unicode>
                    </TextEquiv>
                </Word>
                <Word id="r_10_tl_25_w2" custom="readingOrder {index:1;}">
                    <Coords points="1360,2480 1360,2540 1526,2540 1526,2480"/>
                    <TextEquiv>
                        <Unicode>Versuche</Unicode>
                    </TextEquiv>
                </Word>
                <Word id="r_10_tl_25_w3" custom="readingOrder {index:2;}">
                    <Coords points="1552,2485 1552,2545 1668,2545 1668,2485"/>
                    <TextEquiv>
                        <Unicode>bereits</Unicode>
                    </TextEquiv>
                </Word>
                <Word id="r_10_tl_25_w4" custom="readingOrder {index:3;}">
                    <Coords points="1693,2483 1693,2543 1816,2543 1816,2483"/>
                    <TextEquiv>
                        <Unicode>1580,</Unicode>
                    </TextEquiv>
                </Word>
                <Word id="r_10_tl_25_w5" custom="readingOrder {index:4;}">
                    <Coords points="1842,2484 1842,2544 2002,2544 2002,2484"/>
                    <TextEquiv>
                        <Unicode>hingegen</Unicode>
                    </TextEquiv>
                </Word>
                <Word id="r_10_tl_25_w6" custom="readingOrder {index:5;}">
                    <Coords points="2033,2483 2033,2543 2205,2543 2205,2483"/>
                    <TextEquiv>
                        <Unicode>Charrons</Unicode>
                    </TextEquiv>
                </Word>
                <TextEquiv>
                    <Unicode>letzteren Versuche bereits 1580, hingegen Charrons</Unicode>
                </TextEquiv>
            </TextLine>
            <TextLine id="r_10_tl_26" custom="readingOrder {index:25;}">
                <Coords points="1189,2579 2210,2581 2210,2543 2155,2532 1189,2532"/>
                <Baseline points="1197,2567 1241,2567 1286,2567 1331,2570 1376,2570 1421,2573 1465,2573 1510,2573 1555,2573 1600,2576 1645,2576 1689,2573 1734,2573 1779,2573 1824,2573 1868,2573 1913,2573 1958,2573 2003,2573 2048,2573 2092,2573 2137,2573 2182,2573 2215,2573"/>
                <Word id="r_10_tl_26_w1" custom="readingOrder {index:0;}">
                    <Coords points="1191,2527 1191,2587 1268,2587 1268,2527"/>
                    <TextEquiv>
                        <Unicode>erste</Unicode>
                    </TextEquiv>
                </Word>
                <Word id="r_10_tl_26_w2" custom="readingOrder {index:1;}">
                    <Coords points="1293,2530 1293,2590 1450,2590 1450,2530"/>
                    <TextEquiv>
                        <Unicode>Ausgabe</Unicode>
                    </TextEquiv>
                </Word>
                <Word id="r_10_tl_26_w3" custom="readingOrder {index:2;}">
                    <Coords points="1475,2533 1475,2593 1528,2593 1528,2533"/>
                    <TextEquiv>
                        <Unicode>von</Unicode>
                    </TextEquiv>
                </Word>
                <Word id="r_10_tl_26_w4" custom="readingOrder {index:3;}">
                    <Coords points="1559,2534 1559,2594 1607,2594 1607,2534"/>
                    <TextEquiv>
                        <Unicode>der</Unicode>
                    </TextEquiv>
                </Word>
                <Word id="r_10_tl_26_w5" custom="readingOrder {index:4;}">
                    <Coords points="1632,2533 1632,2593 1807,2593 1807,2533"/>
                    <TextEquiv>
                        <Unicode>Weisheit</Unicode>
                    </TextEquiv>
                </Word>
                <Word id="r_10_tl_26_w6" custom="readingOrder {index:5;}">
                    <Coords points="1826,2533 1826,2593 1910,2593 1910,2533"/>
                    <TextEquiv>
                        <Unicode>nicht</Unicode>
                    </TextEquiv>
                </Word>
                <Word id="r_10_tl_26_w7" custom="readingOrder {index:6;}">
                    <Coords points="1929,2533 1929,2593 2000,2593 2000,2533"/>
                    <TextEquiv>
                        <Unicode>eher</Unicode>
                    </TextEquiv>
                </Word>
                <Word id="r_10_tl_26_w8" custom="readingOrder {index:7;}">
                    <Coords points="2026,2533 2026,2593 2067,2593 2067,2533"/>
                    <TextEquiv>
                        <Unicode>als</Unicode>
                    </TextEquiv>
                </Word>
                <Word id="r_10_tl_26_w9" custom="readingOrder {index:8;}">
                    <Coords points="2098,2533 2098,2593 2212,2593 2212,2533"/>
                    <TextEquiv>
                        <Unicode>1601.</Unicode>
                    </TextEquiv>
                </Word>
                <TextEquiv>
                    <Unicode>erste Ausgabe von der Weisheit nicht eher als 1601.</Unicode>
                </TextEquiv>
            </TextLine>
            <TextLine id="r_10_tl_27" custom="readingOrder {index:26;}">
                <Coords points="1186,2640 2212,2629 2212,2590 2127,2579 2050,2607 1186,2585"/>
                <Baseline points="1194,2618 1238,2618 1283,2618 1328,2621 1373,2624 1418,2624 1462,2627 1507,2627 1552,2627 1597,2624 1642,2624 1686,2624 1731,2627 1776,2624 1821,2624 1865,2621 1910,2621 1955,2621 2000,2621 2045,2621 2089,2624 2134,2624 2179,2621 2215,2624"/>
                <Word id="r_10_tl_27_w1" custom="readingOrder {index:0;}">
                    <Coords points="1186,2580 1186,2640 1467,2640 1467,2580"/>
                    <TextEquiv>
                        <Unicode>ausgekommen.</Unicode>
                    </TextEquiv>
                </Word>
                <Word id="r_10_tl_27_w2" custom="readingOrder {index:1;}">
                    <Coords points="1517,2586 1517,2646 1592,2646 1592,2586"/>
                    <TextEquiv>
                        <Unicode>Der</Unicode>
                    </TextEquiv>
                </Word>
                <Word id="r_10_tl_27_w3" custom="readingOrder {index:2;}">
                    <Coords points="1625,2585 1625,2645 1798,2645 1798,2585"/>
                    <TextEquiv>
                        <Unicode>Marquis</Unicode>
                    </TextEquiv>
                </Word>
                <Word id="r_10_tl_27_w4" custom="readingOrder {index:3;}">
                    <Coords points="1826,2581 1826,2641 2042,2641 2042,2581"/>
                    <TextEquiv>
                        <Unicode>d'Argens,</Unicode>
                    </TextEquiv>
                </Word>
                <Word id="r_10_tl_27_w5" custom="readingOrder {index:4;}">
                    <Coords points="2070,2583 2070,2643 2199,2643 2199,2583"/>
                    <TextEquiv>
                        <Unicode>welcher</Unicode>
                    </TextEquiv>
                </Word>
                <TextEquiv>
                    <Unicode>ausgekommen. Der Marquis d'Argens, welcher</Unicode>
                </TextEquiv>
            </TextLine>
            <TextLine id="r_10_tl_28" custom="readingOrder {index:27;}">
                <Coords points="1186,2678 2214,2684 2187,2632 2063,2626 1186,2640"/>
                <Baseline points="1194,2666 1238,2672 1283,2672 1328,2672 1373,2675 1418,2675 1462,2675 1507,2672 1552,2675 1597,2675 1642,2675 1686,2675 1731,2675 1776,2675 1821,2675 1865,2672 1910,2672 1955,2675 2000,2672 2045,2672 2089,2669 2134,2672 2179,2672 2218,2669"/>
                <Word id="r_10_tl_28_w1" custom="readingOrder {index:0;}">
                    <Coords points="1187,2629 1187,2689 1256,2689 1256,2629"/>
                    <TextEquiv>
                        <Unicode>eine</Unicode>
                    </TextEquiv>
                </Word>
                <Word id="r_10_tl_28_w2" custom="readingOrder {index:1;}">
                    <Coords points="1285,2635 1285,2695 1487,2695 1487,2635"/>
                    <TextEquiv>
                        <Unicode>vorzügliche</Unicode>
                    </TextEquiv>
                </Word>
                <Word id="r_10_tl_28_w3" custom="readingOrder {index:2;}">
                    <Coords points="1511,2635 1511,2695 1724,2695 1724,2635"/>
                    <TextEquiv>
                        <Unicode>Belesenheit</Unicode>
                    </TextEquiv>
                </Word>
                <Word id="r_10_tl_28_w4" custom="readingOrder {index:3;}">
                    <Coords points="1748,2635 1748,2695 1771,2695 1771,2635"/>
                    <TextEquiv>
                        <Unicode>in</Unicode>
                    </TextEquiv>
                </Word>
                <Word id="r_10_tl_28_w5" custom="readingOrder {index:4;}">
                    <Coords points="1800,2632 1800,2692 1916,2692 1916,2632"/>
                    <TextEquiv>
                        <Unicode>beyden</Unicode>
                    </TextEquiv>
                </Word>
                <Word id="r_10_tl_28_w6" custom="readingOrder {index:5;}">
                    <Coords points="1939,2630 1939,2690 2193,2690 2193,2630"/>
                    <TextEquiv>
                        <Unicode>Schriftstellern</Unicode>
                    </TextEquiv>
                </Word>
                <TextEquiv>
                    <Unicode>eine vorzügliche Belesenheit in beyden Schriftstellern</Unicode>
                </TextEquiv>
            </TextLine>
            <TextLine id="r_10_tl_29" custom="readingOrder {index:28;}">
                <Coords points="1189,2737 2209,2730 2177,2678 1189,2679"/>
                <Baseline points="1197,2722 1227,2719 1271,2722 1316,2722 1361,2722 1406,2725 1450,2725 1495,2725 1540,2728 1585,2728 1630,2725 1674,2722 1719,2722 1764,2719 1809,2722 1854,2722 1898,2722 1943,2719 1988,2719 2033,2722 2077,2719 2122,2719 2167,2719 2212,2719"/>
                <Word id="r_10_tl_29_w1" custom="readingOrder {index:0;}">
                    <Coords points="1190,2679 1190,2739 1272,2739 1272,2679"/>
                    <TextEquiv>
                        <Unicode>sehen</Unicode>
                    </TextEquiv>
                </Word>
                <Word id="r_10_tl_29_w2" custom="readingOrder {index:1;}">
                    <Coords points="1308,2682 1308,2742 1402,2742 1402,2682"/>
                    <TextEquiv>
                        <Unicode>läßt,</Unicode>
                    </TextEquiv>
                </Word>
                <Word id="r_10_tl_29_w3" custom="readingOrder {index:2;}">
                    <Coords points="1432,2685 1432,2745 1520,2745 1520,2685"/>
                    <TextEquiv>
                        <Unicode>giebt</Unicode>
                    </TextEquiv>
                </Word>
                <Word id="r_10_tl_29_w4" custom="readingOrder {index:3;}">
                    <Coords points="1551,2683 1551,2743 1745,2743 1745,2683"/>
                    <TextEquiv>
                        <Unicode>gleichwohl</Unicode>
                    </TextEquiv>
                </Word>
                <Word id="r_10_tl_29_w5" custom="readingOrder {index:4;}">
                    <Coords points="1769,2681 1769,2741 1827,2741 1827,2681"/>
                    <TextEquiv>
                        <Unicode>S.</Unicode>
                    </TextEquiv>
                </Word>
                <Word id="r_10_tl_29_w6" custom="readingOrder {index:5;}">
                    <Coords points="1858,2681 1858,2741 1945,2741 1945,2681"/>
                    <TextEquiv>
                        <Unicode>255.</Unicode>
                    </TextEquiv>
                </Word>
                <Word id="r_10_tl_29_w7" custom="readingOrder {index:6;}">
                    <Coords points="1970,2679 1970,2739 2028,2739 2028,2679"/>
                    <TextEquiv>
                        <Unicode>das</Unicode>
                    </TextEquiv>
                </Word>
                <Word id="r_10_tl_29_w8" custom="readingOrder {index:7;}">
                    <Coords points="2070,2679 2070,2739 2205,2739 2205,2679"/>
                    <TextEquiv>
                        <Unicode>Gegen=</Unicode>
                    </TextEquiv>
                </Word>
                <TextEquiv>
                    <Unicode>sehen läßt, giebt gleichwohl S. 255. das Gegen=</Unicode>
                </TextEquiv>
            </TextLine>
            <TextLine id="r_10_tl_30" custom="readingOrder {index:29;}">
                <Coords points="1180,2778 2210,2778 2210,2730 1180,2744"/>
                <Baseline points="1188,2770 1230,2770 1274,2773 1319,2773 1364,2773 1409,2776 1453,2776 1498,2773 1543,2776 1588,2776 1633,2779 1677,2776 1722,2773 1767,2770 1812,2770 1857,2773 1901,2770 1946,2770 1991,2770 2036,2770 2080,2770 2125,2770 2170,2770 2215,2767"/>
                <Word id="r_10_tl_30_w1" custom="readingOrder {index:0;}">
                    <Coords points="1181,2730 1181,2790 1271,2790 1271,2730"/>
                    <TextEquiv>
                        <Unicode>theil</Unicode>
                    </TextEquiv>
                </Word>
                <Word id="r_10_tl_30_w2" custom="readingOrder {index:1;}">
                    <Coords points="1294,2733 1294,2793 1322,2793 1322,2733"/>
                    <TextEquiv>
                        <Unicode>zu</Unicode>
                    </TextEquiv>
                </Word>
                <Word id="r_10_tl_30_w3" custom="readingOrder {index:2;}">
                    <Coords points="1362,2735 1362,2795 1549,2795 1549,2735"/>
                    <TextEquiv>
                        <Unicode>verstehen.</Unicode>
                    </TextEquiv>
                </Word>
                <Word id="r_10_tl_30_w4" custom="readingOrder {index:3;}">
                    <Coords points="1623,2737 1623,2797 1691,2797 1691,2737"/>
                    <TextEquiv>
                        <Unicode>Zum</Unicode>
                    </TextEquiv>
                </Word>
                <Word id="r_10_tl_30_w5" custom="readingOrder {index:4;}">
                    <Coords points="1742,2730 1742,2790 1873,2790 1873,2730"/>
                    <TextEquiv>
                        <Unicode>Erweiß</Unicode>
                    </TextEquiv>
                </Word>
                <Word id="r_10_tl_30_w6" custom="readingOrder {index:5;}">
                    <Coords points="1913,2730 1913,2790 1997,2790 1997,2730"/>
                    <TextEquiv>
                        <Unicode>eines</Unicode>
                    </TextEquiv>
                </Word>
                <Word id="r_10_tl_30_w7" custom="readingOrder {index:6;}">
                    <Coords points="2032,2730 2032,2790 2082,2790 2082,2730"/>
                    <TextEquiv>
                        <Unicode>wo</Unicode>
                    </TextEquiv>
                </Word>
                <Word id="r_10_tl_30_w8" custom="readingOrder {index:7;}">
                    <Coords points="2117,2730 2117,2790 2201,2790 2201,2730"/>
                    <TextEquiv>
                        <Unicode>nicht</Unicode>
                    </TextEquiv>
                </Word>
                <TextEquiv>
                    <Unicode>theil zu verstehen. Zum Erweiß eines wo nicht</Unicode>
                </TextEquiv>
            </TextLine>
            <TextLine id="r_10_tl_31" custom="readingOrder {index:30;}">
                <Coords points="1180,2825 2206,2836 2206,2781 2115,2774 1180,2797"/>
                <Baseline points="1188,2818 1233,2821 1277,2821 1322,2824 1367,2824 1412,2827 1456,2824 1501,2827 1546,2824 1591,2824 1636,2824 1680,2824 1725,2824 1770,2821 1815,2821 1859,2821 1904,2821 1949,2821 1994,2818 2039,2818 2083,2818 2128,2815 2173,2818 2209,2818"/>
                <Word id="r_10_tl_31_w1" custom="readingOrder {index:0;}">
                    <Coords points="1181,2781 1181,2841 1319,2841 1319,2781"/>
                    <TextEquiv>
                        <Unicode>neuen,</Unicode>
                    </TextEquiv>
                </Word>
                <Word id="r_10_tl_31_w2" custom="readingOrder {index:1;}">
                    <Coords points="1361,2786 1361,2846 1436,2846 1436,2786"/>
                    <TextEquiv>
                        <Unicode>doch</Unicode>
                    </TextEquiv>
                </Word>
                <Word id="r_10_tl_31_w3" custom="readingOrder {index:2;}">
                    <Coords points="1471,2786 1471,2846 1540,2846 1540,2786"/>
                    <TextEquiv>
                        <Unicode>sehr</Unicode>
                    </TextEquiv>
                </Word>
                <Word id="r_10_tl_31_w4" custom="readingOrder {index:3;}">
                    <Coords points="1570,2784 1570,2844 1796,2844 1796,2784"/>
                    <TextEquiv>
                        <Unicode>gemächlichen</Unicode>
                    </TextEquiv>
                </Word>
                <Word id="r_10_tl_31_w5" custom="readingOrder {index:4;}">
                    <Coords points="1838,2781 1838,2841 1999,2841 1999,2781"/>
                    <TextEquiv>
                        <Unicode>Versuchs</Unicode>
                    </TextEquiv>
                </Word>
                <Word id="r_10_tl_31_w6" custom="readingOrder {index:5;}">
                    <Coords points="2029,2778 2029,2838 2133,2838 2133,2778"/>
                    <TextEquiv>
                        <Unicode>Verse</Unicode>
                    </TextEquiv>
                </Word>
                <Word id="r_10_tl_31_w7" custom="readingOrder {index:6;}">
                    <Coords points="2163,2778 2163,2838 2191,2838 2191,2778"/>
                    <TextEquiv>
                        <Unicode>zu</Unicode>
                    </TextEquiv>
                </Word>
                <TextEquiv>
                    <Unicode>neuen, doch sehr gemächlichen Versuchs Verse zu</Unicode>
                </TextEquiv>
            </TextLine>
            <TextLine id="r_10_tl_32" custom="readingOrder {index:31;}">
                <Coords points="1180,2886 2209,2880 2209,2836 2107,2827 1180,2835"/>
                <Baseline points="1188,2872 1227,2872 1271,2872 1316,2875 1361,2875 1406,2875 1450,2878 1495,2875 1540,2872 1585,2872 1630,2872 1674,2872 1719,2875 1764,2872 1809,2872 1854,2872 1898,2872 1943,2872 1988,2872 2033,2869 2077,2866 2122,2866 2167,2866 2212,2866"/>
                <Word id="r_10_tl_32_w1" custom="readingOrder {index:0;}">
                    <Coords points="1186,2833 1186,2893 1395,2893 1395,2833"/>
                    <TextEquiv>
                        <Unicode>übersetzen,</Unicode>
                    </TextEquiv>
                </Word>
                <Word id="r_10_tl_32_w2" custom="readingOrder {index:1;}">
                    <Coords points="1418,2835 1418,2895 1571,2895 1571,2835"/>
                    <TextEquiv>
                        <Unicode>schließen</Unicode>
                    </TextEquiv>
                </Word>
                <Word id="r_10_tl_32_w3" custom="readingOrder {index:2;}">
                    <Coords points="1612,2832 1612,2892 1667,2892 1667,2832"/>
                    <TextEquiv>
                        <Unicode>wir</Unicode>
                    </TextEquiv>
                </Word>
                <Word id="r_10_tl_32_w4" custom="readingOrder {index:3;}">
                    <Coords points="1696,2834 1696,2894 1758,2894 1758,2834"/>
                    <TextEquiv>
                        <Unicode>mit</Unicode>
                    </TextEquiv>
                </Word>
                <Word id="r_10_tl_32_w5" custom="readingOrder {index:4;}">
                    <Coords points="1793,2832 1793,2892 2036,2892 2036,2832"/>
                    <TextEquiv>
                        <Unicode>nachstehendem</Unicode>
                    </TextEquiv>
                </Word>
                <Word id="r_10_tl_32_w6" custom="readingOrder {index:5;}">
                    <Coords points="2088,2826 2088,2886 2206,2886 2206,2826"/>
                    <TextEquiv>
                        <Unicode>unver¬</Unicode>
                    </TextEquiv>
                </Word>
                <TextEquiv>
                    <Unicode>übersetzen, schließen wir mit nachstehendem unver¬</Unicode>
                </TextEquiv>
            </TextLine>
            <TextLine id="r_10_tl_33" custom="readingOrder {index:32;}">
                <Coords points="1180,2951 1467,2934 1537,2962 1624,2940 1752,2967 1936,2945 1936,2891 1903,2885 1180,2896"/>
                <Baseline points="1188,2928 1224,2925 1268,2925 1313,2925 1358,2928 1403,2925 1447,2925 1492,2925 1537,2925 1582,2925 1627,2925 1671,2922 1716,2922 1761,2922 1806,2925 1851,2922 1895,2922 1940,2922"/>
                <Word id="r_10_tl_33_w1" custom="readingOrder {index:0;}">
                    <Coords points="1188,2885 1188,2945 1383,2945 1383,2885"/>
                    <TextEquiv>
                        <Unicode>gleichlichen</Unicode>
                    </TextEquiv>
                </Word>
                <Word id="r_10_tl_33_w2" custom="readingOrder {index:1;}">
                    <Coords points="1409,2885 1409,2945 1635,2945 1635,2885"/>
                    <TextEquiv>
                        <Unicode>Sinngedicht</Unicode>
                    </TextEquiv>
                </Word>
                <Word id="r_10_tl_33_w3" custom="readingOrder {index:2;}">
                    <Coords points="1655,2882 1655,2942 1705,2942 1705,2882"/>
                    <TextEquiv>
                        <Unicode>des</Unicode>
                    </TextEquiv>
                </Word>
                <Word id="r_10_tl_33_w4" custom="readingOrder {index:3;}">
                    <Coords points="1731,2883 1731,2943 1925,2943 1925,2883"/>
                    <TextEquiv>
                        <Unicode>Rousseau:</Unicode>
                    </TextEquiv>
                </Word>
                <TextEquiv>
                    <Unicode>gleichlichen Sinngedicht des Rousseau:</Unicode>
                </TextEquiv>
            </TextLine>
            <TextLine id="r_10_tl_34" custom="readingOrder {index:33;}">
                <Coords points="2090,2981 2126,2981 2135,2987 2159,2987 2184,2999 2199,2995 2215,3001 2212,2902 2199,2904 2184,2894 2173,2907 2129,2907 2115,2901 2088,2905"/>
                <Baseline points="2098,2967 2143,2967 2188,2970 2218,2970"/>
                <Word id="r_10_tl_34_w1" custom="readingOrder {index:0;}">
                    <Coords points="2102,2927 2102,2987 2207,2987 2207,2927"/>
                    <TextEquiv>
                        <Unicode>Chry¬</Unicode>
                    </TextEquiv>
                </Word>
                <TextEquiv>
                    <Unicode>Chry¬</Unicode>
                </TextEquiv>
            </TextLine>
            <TextEquiv>
                <Unicode></Unicode>
            </TextEquiv>
        </TextRegion>
        <TextRegion id="r_11" custom="readingOrder {index:1;}">
            <Coords points="1191,3026 124,3026 124,1225 1191,1225"/>
            <TextLine id="r_11_tl_1" custom="readingOrder {index:0;}">
                <Coords points="549,1393 580,1406 645,1391 673,1402 711,1393 775,1399 773,1313 692,1322 653,1307 591,1333 562,1310 546,1311"/>
                <Baseline points="558,1382 603,1382 647,1385 692,1388 737,1388 779,1385"/>
                <Word id="r_11_tl_1_w1" custom="readingOrder {index:0;}">
                    <Coords points="555,1345 555,1405 753,1405 753,1345"/>
                    <TextEquiv>
                        <Unicode>Berlin.</Unicode>
                    </TextEquiv>
                </Word>
                <TextEquiv>
                    <Unicode>Berlin.</Unicode>
                </TextEquiv>
            </TextLine>
            <TextLine id="r_11_tl_2" custom="readingOrder {index:1;}">
                <Coords points="143,1446 1172,1448 1172,1357 911,1401 143,1385"/>
                <Baseline points="152,1442 191,1436 235,1430 280,1430 325,1433 370,1433 414,1433 459,1433 504,1433 549,1433 594,1433 638,1436 683,1433 728,1436 773,1436 818,1433 862,1433 907,1433 952,1433 997,1436 1041,1433 1086,1433 1131,1433 1176,1433"/>
                <Word id="r_11_tl_2_w1" custom="readingOrder {index:0;}">
                    <Coords points="155,1390 155,1450 320,1450 320,1390"/>
                    <TextEquiv>
                        <Unicode>Ysugust</Unicode>
                    </TextEquiv>
                </Word>
                <Word id="r_11_tl_2_w2" custom="readingOrder {index:1;}">
                    <Coords points="343,1393 343,1453 478,1453 478,1393"/>
                    <TextEquiv>
                        <Unicode>Mylius</Unicode>
                    </TextEquiv>
                </Word>
                <Word id="r_11_tl_2_w3" custom="readingOrder {index:2;}">
                    <Coords points="502,1393 502,1453 562,1453 562,1393"/>
                    <TextEquiv>
                        <Unicode>hat</Unicode>
                    </TextEquiv>
                </Word>
                <Word id="r_11_tl_2_w4" custom="readingOrder {index:3;}">
                    <Coords points="585,1394 585,1454 735,1454 735,1394"/>
                    <TextEquiv>
                        <Unicode>verlegt:</Unicode>
                    </TextEquiv>
                </Word>
                <Word id="r_11_tl_2_w5" custom="readingOrder {index:4;}">
                    <Coords points="758,1396 758,1456 772,1456 772,1396"/>
                    <TextEquiv>
                        <Unicode>"</Unicode>
                    </TextEquiv>
                </Word>
                <Word id="r_11_tl_2_w6" custom="readingOrder {index:5;}">
                    <Coords points="788,1393 788,1453 848,1453 848,1393"/>
                    <TextEquiv>
                        <Unicode>des</Unicode>
                    </TextEquiv>
                </Word>
                <Word id="r_11_tl_2_w7" custom="readingOrder {index:6;}">
                    <Coords points="872,1393 872,1453 976,1453 976,1393"/>
                    <TextEquiv>
                        <Unicode>Herrn</Unicode>
                    </TextEquiv>
                </Word>
                <Word id="r_11_tl_2_w8" custom="readingOrder {index:7;}">
                    <Coords points="1000,1393 1000,1453 1165,1453 1165,1393"/>
                    <TextEquiv>
                        <Unicode>Marquis</Unicode>
                    </TextEquiv>
                </Word>
                <TextEquiv>
                    <Unicode>Ysugust Mylius hat verlegt: " des Herrn Marquis</Unicode>
                </TextEquiv>
            </TextLine>
            <TextLine id="r_11_tl_3" custom="readingOrder {index:2;}">
                <Coords points="179,1484 1175,1492 1175,1448 999,1439 179,1453"/>
                <Baseline points="188,1465 232,1474 277,1477 322,1477 367,1480 412,1480 456,1480 501,1480 546,1477 591,1480 635,1480 680,1480 725,1480 770,1480 815,1483 859,1480 904,1483 949,1483 994,1483 1038,1483 1083,1483 1128,1483 1173,1480 1179,1480"/>
                <Word id="r_11_tl_3_w1" custom="readingOrder {index:0;}">
                    <Coords points="179,1437 179,1497 432,1497 432,1437"/>
                    <TextEquiv>
                        <Unicode>d'Argens</Unicode>
                    </TextEquiv>
                </Word>
                <Word id="r_11_tl_3_w2" custom="readingOrder {index:1;}">
                    <Coords points="464,1440 464,1500 522,1500 522,1440"/>
                    <TextEquiv>
                        <Unicode>und</Unicode>
                    </TextEquiv>
                </Word>
                <Word id="r_11_tl_3_w3" custom="readingOrder {index:2;}">
                    <Coords points="549,1438 549,1498 596,1498 596,1438"/>
                    <TextEquiv>
                        <Unicode>der</Unicode>
                    </TextEquiv>
                </Word>
                <Word id="r_11_tl_3_w4" custom="readingOrder {index:3;}">
                    <Coords points="628,1440 628,1500 834,1500 834,1440"/>
                    <TextEquiv>
                        <Unicode>Demoiselle</Unicode>
                    </TextEquiv>
                </Word>
                <Word id="r_11_tl_3_w5" custom="readingOrder {index:4;}">
                    <Coords points="862,1443 862,1503 998,1503 998,1443"/>
                    <TextEquiv>
                        <Unicode>Cochois</Unicode>
                    </TextEquiv>
                </Word>
                <Word id="r_11_tl_3_w6" custom="readingOrder {index:5;}">
                    <Coords points="1031,1443 1031,1503 1178,1503 1178,1443"/>
                    <TextEquiv>
                        <Unicode>gemein=</Unicode>
                    </TextEquiv>
                </Word>
                <TextEquiv>
                    <Unicode>d'Argens und der Demoiselle Cochois gemein=</Unicode>
                </TextEquiv>
            </TextLine>
            <TextLine id="r_11_tl_4" custom="readingOrder {index:3;}">
                <Coords points="141,1528 1169,1551 1167,1490 140,1487"/>
                <Baseline points="149,1516 194,1519 238,1528 283,1528 328,1528 373,1525 417,1528 462,1531 507,1531 552,1528 597,1531 641,1531 686,1531 731,1531 776,1531 821,1534 865,1534 910,1534 955,1534 1000,1534 1044,1534 1089,1531 1134,1531 1173,1534"/>
                <Word id="r_11_tl_4_w1" custom="readingOrder {index:0;}">
                    <Coords points="147,1488 147,1548 344,1548 344,1488"/>
                    <TextEquiv>
                        <Unicode>"schaftliche</Unicode>
                    </TextEquiv>
                </Word>
                <Word id="r_11_tl_4_w2" custom="readingOrder {index:1;}">
                    <Coords points="374,1490 374,1550 548,1550 548,1490"/>
                    <TextEquiv>
                        <Unicode>Beyträge</Unicode>
                    </TextEquiv>
                </Word>
                <Word id="r_11_tl_4_w3" custom="readingOrder {index:2;}">
                    <Coords points="578,1491 578,1551 635,1551 635,1491"/>
                    <TextEquiv>
                        <Unicode>zum</Unicode>
                    </TextEquiv>
                </Word>
                <Word id="r_11_tl_4_w4" custom="readingOrder {index:3;}">
                    <Coords points="677,1491 677,1551 880,1551 880,1491"/>
                    <TextEquiv>
                        <Unicode>Vergnügen</Unicode>
                    </TextEquiv>
                </Word>
                <Word id="r_11_tl_4_w5" custom="readingOrder {index:4;}">
                    <Coords points="916,1494 916,1554 968,1554 968,1494"/>
                    <TextEquiv>
                        <Unicode>für</Unicode>
                    </TextEquiv>
                </Word>
                <Word id="r_11_tl_4_w6" custom="readingOrder {index:5;}">
                    <Coords points="992,1494 992,1554 1043,1554 1043,1494"/>
                    <TextEquiv>
                        <Unicode>den</Unicode>
                    </TextEquiv>
                </Word>
                <Word id="r_11_tl_4_w7" custom="readingOrder {index:6;}">
                    <Coords points="1073,1491 1073,1551 1171,1551 1171,1491"/>
                    <TextEquiv>
                        <Unicode>Geist</Unicode>
                    </TextEquiv>
                </Word>
                <TextEquiv>
                    <Unicode>"schaftliche Beyträge zum Vergnügen für den Geist</Unicode>
                </TextEquiv>
            </TextLine>
            <TextLine id="r_11_tl_5" custom="readingOrder {index:4;}">
                <Coords points="143,1578 1175,1599 1173,1550 1130,1545 143,1537"/>
                <Baseline points="152,1567 197,1576 241,1579 286,1579 331,1579 376,1579 420,1582 465,1582 510,1585 555,1582 600,1582 644,1582 689,1585 734,1582 779,1582 824,1585 868,1588 913,1588 958,1588 1003,1588 1047,1588 1092,1588 1137,1588 1179,1588"/>
                <Word id="r_11_tl_5_w1" custom="readingOrder {index:0;}">
                    <Coords points="150,1534 150,1594 232,1594 232,1534"/>
                    <TextEquiv>
                        <Unicode>lund</Unicode>
                    </TextEquiv>
                </Word>
                <Word id="r_11_tl_5_w2" custom="readingOrder {index:1;}">
                    <Coords points="263,1539 263,1599 316,1599 316,1539"/>
                    <TextEquiv>
                        <Unicode>das</Unicode>
                    </TextEquiv>
                </Word>
                <Word id="r_11_tl_5_w3" custom="readingOrder {index:2;}">
                    <Coords points="346,1540 346,1600 447,1600 447,1540"/>
                    <TextEquiv>
                        <Unicode>Herz,</Unicode>
                    </TextEquiv>
                </Word>
                <Word id="r_11_tl_5_w4" custom="readingOrder {index:3;}">
                    <Coords points="471,1544 471,1604 529,1604 529,1544"/>
                    <TextEquiv>
                        <Unicode>aus</Unicode>
                    </TextEquiv>
                </Word>
                <Word id="r_11_tl_5_w5" custom="readingOrder {index:4;}">
                    <Coords points="560,1542 560,1602 607,1602 607,1542"/>
                    <TextEquiv>
                        <Unicode>dem</Unicode>
                    </TextEquiv>
                </Word>
                <Word id="r_11_tl_5_w6" custom="readingOrder {index:5;}">
                    <Coords points="649,1542 649,1602 874,1602 874,1542"/>
                    <TextEquiv>
                        <Unicode>französischen</Unicode>
                    </TextEquiv>
                </Word>
                <Word id="r_11_tl_5_w7" custom="readingOrder {index:6;}">
                    <Coords points="911,1548 911,1608 1082,1608 1082,1548"/>
                    <TextEquiv>
                        <Unicode>übersetzt,</Unicode>
                    </TextEquiv>
                </Word>
                <Word id="r_11_tl_5_w8" custom="readingOrder {index:7;}">
                    <Coords points="1107,1548 1107,1608 1171,1608 1171,1548"/>
                    <TextEquiv>
                        <Unicode>1ter</Unicode>
                    </TextEquiv>
                </Word>
                <TextEquiv>
                    <Unicode>lund das Herz, aus dem französischen übersetzt, 1ter</Unicode>
                </TextEquiv>
            </TextLine>
            <TextLine id="r_11_tl_6" custom="readingOrder {index:5;}">
                <Coords points="141,1641 1172,1649 1170,1597 1123,1594 140,1586"/>
                <Baseline points="149,1615 194,1624 238,1630 283,1630 328,1630 373,1633 417,1633 462,1633 507,1633 552,1636 597,1639 641,1636 686,1636 731,1633 776,1633 821,1639 865,1639 910,1639 955,1639 1000,1639 1044,1642 1089,1642 1134,1642 1176,1639"/>
                <Word id="r_11_tl_6_w1" custom="readingOrder {index:0;}">
                    <Coords points="142,1587 142,1647 290,1647 290,1587"/>
                    <TextEquiv>
                        <Unicode>"Theil,</Unicode>
                    </TextEquiv>
                </Word>
                <Word id="r_11_tl_6_w2" custom="readingOrder {index:1;}">
                    <Coords points="315,1592 315,1652 426,1652 426,1592"/>
                    <TextEquiv>
                        <Unicode>1763.</Unicode>
                    </TextEquiv>
                </Word>
                <Word id="r_11_tl_6_w3" custom="readingOrder {index:2;}">
                    <Coords points="451,1593 451,1653 506,1653 506,1593"/>
                    <TextEquiv>
                        <Unicode>S.</Unicode>
                    </TextEquiv>
                </Word>
                <Word id="r_11_tl_6_w4" custom="readingOrder {index:3;}">
                    <Coords points="519,1596 519,1656 611,1656 611,1596"/>
                    <TextEquiv>
                        <Unicode>427.</Unicode>
                    </TextEquiv>
                </Word>
                <Word id="r_11_tl_6_w5" custom="readingOrder {index:4;}">
                    <Coords points="630,1596 630,1656 654,1656 654,1596"/>
                    <TextEquiv>
                        <Unicode>in</Unicode>
                    </TextEquiv>
                </Word>
                <Word id="r_11_tl_6_w6" custom="readingOrder {index:5;}">
                    <Coords points="674,1594 674,1654 735,1654 735,1594"/>
                    <TextEquiv>
                        <Unicode>8."</Unicode>
                    </TextEquiv>
                </Word>
                <Word id="r_11_tl_6_w7" custom="readingOrder {index:6;}">
                    <Coords points="773,1599 773,1659 902,1659 902,1599"/>
                    <TextEquiv>
                        <Unicode>Dieser</Unicode>
                    </TextEquiv>
                </Word>
                <Word id="r_11_tl_6_w8" custom="readingOrder {index:7;}">
                    <Coords points="921,1599 921,1659 1019,1659 1019,1599"/>
                    <TextEquiv>
                        <Unicode>Theil</Unicode>
                    </TextEquiv>
                </Word>
                <Word id="r_11_tl_6_w9" custom="readingOrder {index:8;}">
                    <Coords points="1039,1602 1039,1662 1168,1662 1168,1602"/>
                    <TextEquiv>
                        <Unicode>enthält</Unicode>
                    </TextEquiv>
                </Word>
                <TextEquiv>
                    <Unicode>"Theil, 1763. S. 427. in 8." Dieser Theil enthält</Unicode>
                </TextEquiv>
            </TextLine>
            <TextLine id="r_11_tl_7" custom="readingOrder {index:6;}">
                <Coords points="143,1696 1170,1712 1169,1650 143,1644"/>
                <Baseline points="152,1680 197,1683 241,1683 286,1686 331,1686 376,1683 420,1683 465,1686 510,1686 555,1686 600,1689 644,1686 689,1686 734,1689 779,1689 824,1689 868,1692 913,1692 958,1692 1003,1692 1047,1692 1092,1692 1137,1695 1173,1698"/>
                <Word id="r_11_tl_7_w1" custom="readingOrder {index:0;}">
                    <Coords points="149,1644 149,1704 370,1704 370,1644"/>
                    <TextEquiv>
                        <Unicode>verschiedene</Unicode>
                    </TextEquiv>
                </Word>
                <Word id="r_11_tl_7_w2" custom="readingOrder {index:1;}">
                    <Coords points="393,1646 393,1706 658,1706 658,1646"/>
                    <TextEquiv>
                        <Unicode>Betrachtungen</Unicode>
                    </TextEquiv>
                </Word>
                <Word id="r_11_tl_7_w3" custom="readingOrder {index:2;}">
                    <Coords points="703,1649 703,1709 779,1709 779,1649"/>
                    <TextEquiv>
                        <Unicode>über</Unicode>
                    </TextEquiv>
                </Word>
                <Word id="r_11_tl_7_w4" custom="readingOrder {index:3;}">
                    <Coords points="813,1649 813,1709 863,1709 863,1649"/>
                    <TextEquiv>
                        <Unicode>die</Unicode>
                    </TextEquiv>
                </Word>
                <Word id="r_11_tl_7_w5" custom="readingOrder {index:4;}">
                    <Coords points="891,1652 891,1712 1173,1712 1173,1652"/>
                    <TextEquiv>
                        <Unicode>Leidenschaften,</Unicode>
                    </TextEquiv>
                </Word>
                <TextEquiv>
                    <Unicode>verschiedene Betrachtungen über die Leidenschaften,</Unicode>
                </TextEquiv>
            </TextLine>
            <TextLine id="r_11_tl_8" custom="readingOrder {index:7;}">
                <Coords points="143,1743 1177,1754 1131,1701 143,1694"/>
                <Baseline points="152,1731 197,1734 241,1737 286,1737 331,1737 376,1737 420,1737 465,1737 510,1737 555,1740 600,1740 644,1737 689,1740 734,1740 779,1743 824,1740 868,1743 913,1740 958,1743 1003,1743 1047,1743 1092,1743 1137,1743 1179,1743"/>
                <Word id="r_11_tl_8_w1" custom="readingOrder {index:0;}">
                    <Coords points="150,1693 150,1753 228,1753 228,1693"/>
                    <TextEquiv>
                        <Unicode>über</Unicode>
                    </TextEquiv>
                </Word>
                <Word id="r_11_tl_8_w2" custom="readingOrder {index:1;}">
                    <Coords points="252,1697 252,1757 302,1757 302,1697"/>
                    <TextEquiv>
                        <Unicode>die</Unicode>
                    </TextEquiv>
                </Word>
                <Word id="r_11_tl_8_w3" custom="readingOrder {index:2;}">
                    <Coords points="325,1697 325,1757 642,1757 642,1697"/>
                    <TextEquiv>
                        <Unicode>Annehmlichkeiten</Unicode>
                    </TextEquiv>
                </Word>
                <Word id="r_11_tl_8_w4" custom="readingOrder {index:3;}">
                    <Coords points="677,1700 677,1760 727,1760 727,1700"/>
                    <TextEquiv>
                        <Unicode>der</Unicode>
                    </TextEquiv>
                </Word>
                <Word id="r_11_tl_8_w5" custom="readingOrder {index:4;}">
                    <Coords points="756,1702 756,1762 987,1762 987,1702"/>
                    <TextEquiv>
                        <Unicode>Gesellschaft,</Unicode>
                    </TextEquiv>
                </Word>
                <Word id="r_11_tl_8_w6" custom="readingOrder {index:5;}">
                    <Coords points="1017,1703 1017,1763 1095,1763 1095,1703"/>
                    <TextEquiv>
                        <Unicode>über</Unicode>
                    </TextEquiv>
                </Word>
                <Word id="r_11_tl_8_w7" custom="readingOrder {index:6;}">
                    <Coords points="1119,1703 1119,1763 1169,1763 1169,1703"/>
                    <TextEquiv>
                        <Unicode>die</Unicode>
                    </TextEquiv>
                </Word>
                <TextEquiv>
                    <Unicode>über die Annehmlichkeiten der Gesellschaft, über die</Unicode>
                </TextEquiv>
            </TextLine>
            <TextLine id="r_11_tl_9" custom="readingOrder {index:8;}">
                <Coords points="146,1793 1175,1802 1166,1751 146,1743"/>
                <Baseline points="155,1785 200,1785 244,1785 289,1788 334,1788 379,1788 423,1788 468,1788 513,1788 558,1788 603,1788 647,1788 692,1791 737,1788 782,1791 826,1791 871,1791 916,1791 961,1791 1006,1791 1050,1794 1095,1794 1140,1794 1179,1791"/>
                <Word id="r_11_tl_9_w1" custom="readingOrder {index:0;}">
                    <Coords points="147,1747 147,1807 406,1807 406,1747"/>
                    <TextEquiv>
                        <Unicode>Freundschaft,</Unicode>
                    </TextEquiv>
                </Word>
                <Word id="r_11_tl_9_w2" custom="readingOrder {index:1;}">
                    <Coords points="435,1748 435,1808 512,1808 512,1748"/>
                    <TextEquiv>
                        <Unicode>über</Unicode>
                    </TextEquiv>
                </Word>
                <Word id="r_11_tl_9_w3" custom="readingOrder {index:2;}">
                    <Coords points="541,1748 541,1808 595,1808 595,1748"/>
                    <TextEquiv>
                        <Unicode>das</Unicode>
                    </TextEquiv>
                </Word>
                <Word id="r_11_tl_9_w4" custom="readingOrder {index:3;}">
                    <Coords points="635,1748 635,1808 822,1808 822,1748"/>
                    <TextEquiv>
                        <Unicode>glückselige</Unicode>
                    </TextEquiv>
                </Word>
                <Word id="r_11_tl_9_w5" custom="readingOrder {index:4;}">
                    <Coords points="857,1751 857,1811 984,1811 984,1751"/>
                    <TextEquiv>
                        <Unicode>Leben,</Unicode>
                    </TextEquiv>
                </Word>
                <Word id="r_11_tl_9_w6" custom="readingOrder {index:5;}">
                    <Coords points="1012,1753 1012,1813 1072,1813 1072,1753"/>
                    <TextEquiv>
                        <Unicode>und</Unicode>
                    </TextEquiv>
                </Word>
                <Word id="r_11_tl_9_w7" custom="readingOrder {index:6;}">
                    <Coords points="1101,1754 1101,1814 1161,1814 1161,1754"/>
                    <TextEquiv>
                        <Unicode>von</Unicode>
                    </TextEquiv>
                </Word>
                <TextEquiv>
                    <Unicode>Freundschaft, über das glückselige Leben, und von</Unicode>
                </TextEquiv>
            </TextLine>
            <TextLine id="r_11_tl_10" custom="readingOrder {index:9;}">
                <Coords points="143,1842 1172,1853 1172,1802 1101,1796 143,1795"/>
                <Baseline points="152,1833 197,1836 241,1836 286,1836 331,1836 376,1836 420,1836 465,1833 510,1833 555,1833 600,1833 644,1833 689,1833 734,1833 779,1833 824,1836 868,1833 913,1833 958,1833 1003,1833 1047,1836 1092,1836 1137,1839 1176,1839"/>
                <Word id="r_11_tl_10_w1" custom="readingOrder {index:0;}">
                    <Coords points="143,1793 143,1853 190,1853 190,1793"/>
                    <TextEquiv>
                        <Unicode>der</Unicode>
                    </TextEquiv>
                </Word>
                <Word id="r_11_tl_10_w2" custom="readingOrder {index:1;}">
                    <Coords points="218,1796 218,1856 392,1856 392,1796"/>
                    <TextEquiv>
                        <Unicode>Jungfrau</Unicode>
                    </TextEquiv>
                </Word>
                <Word id="r_11_tl_10_w3" custom="readingOrder {index:2;}">
                    <Coords points="430,1793 430,1853 600,1853 600,1793"/>
                    <TextEquiv>
                        <Unicode>Cochois,</Unicode>
                    </TextEquiv>
                </Word>
                <Word id="r_11_tl_10_w4" custom="readingOrder {index:3;}">
                    <Coords points="627,1793 627,1853 696,1853 696,1793"/>
                    <TextEquiv>
                        <Unicode>eine</Unicode>
                    </TextEquiv>
                </Word>
                <Word id="r_11_tl_10_w5" custom="readingOrder {index:4;}">
                    <Coords points="723,1795 723,1855 936,1855 936,1795"/>
                    <TextEquiv>
                        <Unicode>africanische</Unicode>
                    </TextEquiv>
                </Word>
                <Word id="r_11_tl_10_w6" custom="readingOrder {index:5;}">
                    <Coords points="968,1793 968,1853 1026,1853 1026,1793"/>
                    <TextEquiv>
                        <Unicode>und</Unicode>
                    </TextEquiv>
                </Word>
                <Word id="r_11_tl_10_w7" custom="readingOrder {index:6;}">
                    <Coords points="1064,1797 1064,1857 1175,1857 1175,1797"/>
                    <TextEquiv>
                        <Unicode>spani¬</Unicode>
                    </TextEquiv>
                </Word>
                <TextEquiv>
                    <Unicode>der Jungfrau Cochois, eine africanische und spani¬</Unicode>
                </TextEquiv>
            </TextLine>
            <TextLine id="r_11_tl_11" custom="readingOrder {index:10;}">
                <Coords points="143,1895 1169,1895 1133,1843 143,1842"/>
                <Baseline points="152,1883 197,1880 241,1883 286,1886 331,1886 376,1883 420,1883 465,1880 510,1880 555,1880 600,1880 644,1880 689,1880 734,1880 779,1880 824,1880 868,1880 913,1880 958,1880 1003,1883 1047,1886 1092,1886 1137,1886 1173,1886"/>
                <Word id="r_11_tl_11_w1" custom="readingOrder {index:0;}">
                    <Coords points="144,1841 144,1901 204,1901 204,1841"/>
                    <TextEquiv>
                        <Unicode>sche</Unicode>
                    </TextEquiv>
                </Word>
                <Word id="r_11_tl_11_w2" custom="readingOrder {index:1;}">
                    <Coords points="221,1844 221,1904 499,1904 499,1844"/>
                    <TextEquiv>
                        <Unicode>Mordgeschichte</Unicode>
                    </TextEquiv>
                </Word>
                <Word id="r_11_tl_11_w3" custom="readingOrder {index:2;}">
                    <Coords points="527,1840 527,1900 616,1900 616,1840"/>
                    <TextEquiv>
                        <Unicode>nebst</Unicode>
                    </TextEquiv>
                </Word>
                <Word id="r_11_tl_11_w4" custom="readingOrder {index:3;}">
                    <Coords points="633,1840 633,1900 755,1900 755,1840"/>
                    <TextEquiv>
                        <Unicode>einigen</Unicode>
                    </TextEquiv>
                </Word>
                <Word id="r_11_tl_11_w5" custom="readingOrder {index:4;}">
                    <Coords points="789,1840 789,1900 1071,1900 1071,1840"/>
                    <TextEquiv>
                        <Unicode>Sendschreiben,</Unicode>
                    </TextEquiv>
                </Word>
                <Word id="r_11_tl_11_w6" custom="readingOrder {index:5;}">
                    <Coords points="1094,1846 1094,1906 1166,1906 1166,1846"/>
                    <TextEquiv>
                        <Unicode>wel¬</Unicode>
                    </TextEquiv>
                </Word>
                <TextEquiv>
                    <Unicode>sche Mordgeschichte nebst einigen Sendschreiben, wel¬</Unicode>
                </TextEquiv>
            </TextLine>
            <TextLine id="r_11_tl_12" custom="readingOrder {index:11;}">
                <Coords points="138,1939 1169,1952 1158,1895 138,1895"/>
                <Baseline points="146,1928 191,1931 235,1931 280,1934 325,1934 370,1931 414,1931 459,1928 504,1928 549,1928 594,1928 638,1928 683,1925 728,1925 773,1925 818,1928 862,1928 907,1928 952,1928 997,1931 1041,1931 1086,1934 1131,1937 1173,1934"/>
                <Word id="r_11_tl_12_w1" custom="readingOrder {index:0;}">
                    <Coords points="144,1889 144,1949 193,1949 193,1889"/>
                    <TextEquiv>
                        <Unicode>che</Unicode>
                    </TextEquiv>
                </Word>
                <Word id="r_11_tl_12_w2" custom="readingOrder {index:1;}">
                    <Coords points="227,1892 227,1952 298,1952 298,1892"/>
                    <TextEquiv>
                        <Unicode>eben</Unicode>
                    </TextEquiv>
                </Word>
                <Word id="r_11_tl_12_w3" custom="readingOrder {index:2;}">
                    <Coords points="327,1891 327,1951 414,1951 414,1891"/>
                    <TextEquiv>
                        <Unicode>nicht</Unicode>
                    </TextEquiv>
                </Word>
                <Word id="r_11_tl_12_w4" custom="readingOrder {index:3;}">
                    <Coords points="432,1888 432,1948 481,1948 481,1888"/>
                    <TextEquiv>
                        <Unicode>die</Unicode>
                    </TextEquiv>
                </Word>
                <Word id="r_11_tl_12_w5" custom="readingOrder {index:4;}">
                    <Coords points="509,1888 509,1948 646,1948 646,1888"/>
                    <TextEquiv>
                        <Unicode>Talente</Unicode>
                    </TextEquiv>
                </Word>
                <Word id="r_11_tl_12_w6" custom="readingOrder {index:5;}">
                    <Coords points="675,1885 675,1945 763,1945 763,1885"/>
                    <TextEquiv>
                        <Unicode>ihres</Unicode>
                    </TextEquiv>
                </Word>
                <Word id="r_11_tl_12_w7" custom="readingOrder {index:6;}">
                    <Coords points="785,1888 785,1948 989,1948 989,1888"/>
                    <TextEquiv>
                        <Unicode>Geschlechts</Unicode>
                    </TextEquiv>
                </Word>
                <Word id="r_11_tl_12_w8" custom="readingOrder {index:7;}">
                    <Coords points="1017,1894 1017,1954 1161,1954 1161,1894"/>
                    <TextEquiv>
                        <Unicode>merklich</Unicode>
                    </TextEquiv>
                </Word>
                <TextEquiv>
                    <Unicode>che eben nicht die Talente ihres Geschlechts merklich</Unicode>
                </TextEquiv>
            </TextLine>
            <TextLine id="r_11_tl_13" custom="readingOrder {index:12;}">
                <Coords points="138,2000 1166,2000 1144,1944 138,1942"/>
                <Baseline points="146,1979 191,1982 235,1982 280,1982 325,1982 370,1979 414,1979 459,1976 504,1970 549,1973 594,1973 638,1973 683,1973 728,1973 773,1976 818,1973 862,1973 907,1976 952,1976 997,1976 1041,1979 1086,1985 1131,1985 1170,1988"/>
                <Word id="r_11_tl_13_w1" custom="readingOrder {index:0;}">
                    <Coords points="145,1942 145,2002 405,2002 405,1942"/>
                    <TextEquiv>
                        <Unicode>unterscheiden.</Unicode>
                    </TextEquiv>
                </Word>
                <Word id="r_11_tl_13_w2" custom="readingOrder {index:1;}">
                    <Coords points="463,1930 463,1990 555,1990 555,1930"/>
                    <TextEquiv>
                        <Unicode>Was</Unicode>
                    </TextEquiv>
                </Word>
                <Word id="r_11_tl_13_w3" custom="readingOrder {index:2;}">
                    <Coords points="585,1933 585,1993 636,1993 636,1933"/>
                    <TextEquiv>
                        <Unicode>den</Unicode>
                    </TextEquiv>
                </Word>
                <Word id="r_11_tl_13_w4" custom="readingOrder {index:3;}">
                    <Coords points="683,1935 683,1995 879,1995 879,1935"/>
                    <TextEquiv>
                        <Unicode>Uebersetzer</Unicode>
                    </TextEquiv>
                </Word>
                <Word id="r_11_tl_13_w5" custom="readingOrder {index:4;}">
                    <Coords points="914,1936 914,1996 1105,1996 1105,1936"/>
                    <TextEquiv>
                        <Unicode>anbetrift,</Unicode>
                    </TextEquiv>
                </Word>
                <Word id="r_11_tl_13_w6" custom="readingOrder {index:5;}">
                    <Coords points="1128,1945 1128,2005 1157,2005 1157,1945"/>
                    <TextEquiv>
                        <Unicode>so</Unicode>
                    </TextEquiv>
                </Word>
                <TextEquiv>
                    <Unicode>unterscheiden. Was den Uebersetzer anbetrift, so</Unicode>
                </TextEquiv>
            </TextLine>
            <TextLine id="r_11_tl_14" custom="readingOrder {index:13;}">
                <Coords points="138,2035 1172,2044 1172,1995 910,1980 138,2000"/>
                <Baseline points="146,2027 191,2030 235,2030 280,2030 325,2027 370,2024 414,2024 459,2021 504,2021 549,2021 594,2021 638,2021 683,2021 728,2021 773,2024 818,2024 862,2024 907,2024 952,2024 997,2024 1041,2027 1086,2030 1131,2033 1176,2030"/>
                <Word id="r_11_tl_14_w1" custom="readingOrder {index:0;}">
                    <Coords points="139,1990 139,2050 329,2050 329,1990"/>
                    <TextEquiv>
                        <Unicode>vermuthen</Unicode>
                    </TextEquiv>
                </Word>
                <Word id="r_11_tl_14_w2" custom="readingOrder {index:1;}">
                    <Coords points="359,1984 359,2044 442,2044 442,1984"/>
                    <TextEquiv>
                        <Unicode>wir,</Unicode>
                    </TextEquiv>
                </Word>
                <Word id="r_11_tl_14_w3" custom="readingOrder {index:2;}">
                    <Coords points="472,1981 472,2041 525,2041 525,1981"/>
                    <TextEquiv>
                        <Unicode>daß</Unicode>
                    </TextEquiv>
                </Word>
                <Word id="r_11_tl_14_w4" custom="readingOrder {index:3;}">
                    <Coords points="556,1981 556,2041 692,2041 692,1981"/>
                    <TextEquiv>
                        <Unicode>derselbe</Unicode>
                    </TextEquiv>
                </Word>
                <Word id="r_11_tl_14_w5" custom="readingOrder {index:4;}">
                    <Coords points="723,1982 723,2042 776,2042 776,1982"/>
                    <TextEquiv>
                        <Unicode>gar</Unicode>
                    </TextEquiv>
                </Word>
                <Word id="r_11_tl_14_w6" custom="readingOrder {index:5;}">
                    <Coords points="806,1984 806,2044 847,2044 847,1984"/>
                    <TextEquiv>
                        <Unicode>ein</Unicode>
                    </TextEquiv>
                </Word>
                <Word id="r_11_tl_14_w7" custom="readingOrder {index:6;}">
                    <Coords points="883,1984 883,2044 1037,2044 1037,1984"/>
                    <TextEquiv>
                        <Unicode>deutscher</Unicode>
                    </TextEquiv>
                </Word>
                <Word id="r_11_tl_14_w8" custom="readingOrder {index:7;}">
                    <Coords points="1062,1991 1062,2051 1162,2051 1162,1991"/>
                    <TextEquiv>
                        <Unicode>Frey¬</Unicode>
                    </TextEquiv>
                </Word>
                <TextEquiv>
                    <Unicode>vermuthen wir, daß derselbe gar ein deutscher Frey¬</Unicode>
                </TextEquiv>
            </TextLine>
            <TextLine id="r_11_tl_15" custom="readingOrder {index:14;}">
                <Coords points="138,2086 1164,2088 1164,2044 1062,2033 138,2035"/>
                <Baseline points="146,2077 191,2077 235,2074 280,2074 325,2074 370,2071 414,2071 459,2071 504,2068 549,2071 594,2071 638,2071 683,2071 728,2071 773,2071 818,2071 862,2071 907,2071 952,2071 997,2074 1041,2074 1086,2074 1131,2077 1167,2077"/>
                <Word id="r_11_tl_15_w1" custom="readingOrder {index:0;}">
                    <Coords points="144,2037 144,2097 215,2097 215,2037"/>
                    <TextEquiv>
                        <Unicode>herr</Unicode>
                    </TextEquiv>
                </Word>
                <Word id="r_11_tl_15_w2" custom="readingOrder {index:1;}">
                    <Coords points="244,2034 244,2094 309,2094 309,2034"/>
                    <TextEquiv>
                        <Unicode>seyn</Unicode>
                    </TextEquiv>
                </Word>
                <Word id="r_11_tl_15_w3" custom="readingOrder {index:2;}">
                    <Coords points="338,2031 338,2091 431,2091 431,2031"/>
                    <TextEquiv>
                        <Unicode>mag,</Unicode>
                    </TextEquiv>
                </Word>
                <Word id="r_11_tl_15_w4" custom="readingOrder {index:3;}">
                    <Coords points="454,2029 454,2089 503,2089 503,2029"/>
                    <TextEquiv>
                        <Unicode>der</Unicode>
                    </TextEquiv>
                </Word>
                <Word id="r_11_tl_15_w5" custom="readingOrder {index:4;}">
                    <Coords points="531,2031 531,2091 575,2091 575,2031"/>
                    <TextEquiv>
                        <Unicode>die</Unicode>
                    </TextEquiv>
                </Word>
                <Word id="r_11_tl_15_w6" custom="readingOrder {index:5;}">
                    <Coords points="603,2031 603,2091 901,2091 901,2031"/>
                    <TextEquiv>
                        <Unicode>Nothwendigkeit</Unicode>
                    </TextEquiv>
                </Word>
                <Word id="r_11_tl_15_w7" custom="readingOrder {index:6;}">
                    <Coords points="924,2032 924,2092 1017,2092 1017,2032"/>
                    <TextEquiv>
                        <Unicode>dieser</Unicode>
                    </TextEquiv>
                </Word>
                <Word id="r_11_tl_15_w8" custom="readingOrder {index:7;}">
                    <Coords points="1040,2034 1040,2094 1161,2094 1161,2034"/>
                    <TextEquiv>
                        <Unicode>Ueber¬</Unicode>
                    </TextEquiv>
                </Word>
                <TextEquiv>
                    <Unicode>herr seyn mag, der die Nothwendigkeit dieser Ueber¬</Unicode>
                </TextEquiv>
            </TextLine>
            <TextLine id="r_11_tl_16" custom="readingOrder {index:15;}">
                <Coords points="138,2137 1158,2148 1158,2088 1112,2083 138,2086"/>
                <Baseline points="146,2122 191,2122 235,2122 280,2119 325,2122 370,2119 414,2122 459,2119 504,2119 549,2122 594,2125 638,2122 683,2122 728,2125 773,2125 818,2125 862,2122 907,2125 952,2125 997,2122 1041,2122 1086,2125 1131,2128 1161,2128"/>
                <Word id="r_11_tl_16_w1" custom="readingOrder {index:0;}">
                    <Coords points="145,2082 145,2142 262,2142 262,2082"/>
                    <TextEquiv>
                        <Unicode>setzung</Unicode>
                    </TextEquiv>
                </Word>
                <Word id="r_11_tl_16_w2" custom="readingOrder {index:1;}">
                    <Coords points="292,2081 292,2141 339,2141 339,2081"/>
                    <TextEquiv>
                        <Unicode>wo</Unicode>
                    </TextEquiv>
                </Word>
                <Word id="r_11_tl_16_w3" custom="readingOrder {index:2;}">
                    <Coords points="376,2081 376,2141 463,2141 463,2081"/>
                    <TextEquiv>
                        <Unicode>nicht</Unicode>
                    </TextEquiv>
                </Word>
                <Word id="r_11_tl_16_w4" custom="readingOrder {index:3;}">
                    <Coords points="487,2079 487,2139 540,2139 540,2079"/>
                    <TextEquiv>
                        <Unicode>für</Unicode>
                    </TextEquiv>
                </Word>
                <Word id="r_11_tl_16_w5" custom="readingOrder {index:4;}">
                    <Coords points="571,2082 571,2142 765,2142 765,2082"/>
                    <TextEquiv>
                        <Unicode>lächerlich,</Unicode>
                    </TextEquiv>
                </Word>
                <Word id="r_11_tl_16_w6" custom="readingOrder {index:5;}">
                    <Coords points="789,2084 789,2144 859,2144 859,2084"/>
                    <TextEquiv>
                        <Unicode>doch</Unicode>
                    </TextEquiv>
                </Word>
                <Word id="r_11_tl_16_w7" custom="readingOrder {index:6;}">
                    <Coords points="889,2085 889,2145 947,2145 947,2085"/>
                    <TextEquiv>
                        <Unicode>für</Unicode>
                    </TextEquiv>
                </Word>
                <Word id="r_11_tl_16_w8" custom="readingOrder {index:7;}">
                    <Coords points="972,2083 972,2143 1154,2143 1154,2083"/>
                    <TextEquiv>
                        <Unicode>überflüßig</Unicode>
                    </TextEquiv>
                </Word>
                <TextEquiv>
                    <Unicode>setzung wo nicht für lächerlich, doch für überflüßig</Unicode>
                </TextEquiv>
            </TextLine>
            <TextLine id="r_11_tl_17" custom="readingOrder {index:16;}">
                <Coords points="140,2187 1162,2192 1162,2144 1125,2135 140,2144"/>
                <Baseline points="149,2167 194,2170 238,2170 283,2170 328,2170 373,2170 417,2173 462,2173 507,2173 552,2173 597,2176 641,2176 686,2176 731,2176 776,2179 821,2176 865,2176 910,2176 955,2176 1000,2176 1044,2176 1089,2176 1134,2176 1167,2179"/>
                <Word id="r_11_tl_17_w1" custom="readingOrder {index:0;}">
                    <Coords points="141,2130 141,2190 287,2190 287,2130"/>
                    <TextEquiv>
                        <Unicode>gehalten</Unicode>
                    </TextEquiv>
                </Word>
                <Word id="r_11_tl_17_w2" custom="readingOrder {index:1;}">
                    <Coords points="322,2130 322,2190 417,2190 417,2130"/>
                    <TextEquiv>
                        <Unicode>haben</Unicode>
                    </TextEquiv>
                </Word>
                <Word id="r_11_tl_17_w3" custom="readingOrder {index:2;}">
                    <Coords points="446,2133 446,2193 570,2193 570,2133"/>
                    <TextEquiv>
                        <Unicode>würde,</Unicode>
                    </TextEquiv>
                </Word>
                <Word id="r_11_tl_17_w4" custom="readingOrder {index:3;}">
                    <Coords points="582,2136 582,2196 672,2196 672,2136"/>
                    <TextEquiv>
                        <Unicode>wann</Unicode>
                    </TextEquiv>
                </Word>
                <Word id="r_11_tl_17_w5" custom="readingOrder {index:4;}">
                    <Coords points="701,2136 701,2196 751,2196 751,2136"/>
                    <TextEquiv>
                        <Unicode>ihn</Unicode>
                    </TextEquiv>
                </Word>
                <Word id="r_11_tl_17_w6" custom="readingOrder {index:5;}">
                    <Coords points="786,2136 786,2196 870,2196 870,2136"/>
                    <TextEquiv>
                        <Unicode>nicht</Unicode>
                    </TextEquiv>
                </Word>
                <Word id="r_11_tl_17_w7" custom="readingOrder {index:6;}">
                    <Coords points="894,2136 894,2196 933,2196 933,2136"/>
                    <TextEquiv>
                        <Unicode>ein</Unicode>
                    </TextEquiv>
                </Word>
                <Word id="r_11_tl_17_w8" custom="readingOrder {index:7;}">
                    <Coords points="961,2136 961,2196 1164,2196 1164,2136"/>
                    <TextEquiv>
                        <Unicode>ungewöhn¬</Unicode>
                    </TextEquiv>
                </Word>
                <TextEquiv>
                    <Unicode>gehalten haben würde, wann ihn nicht ein ungewöhn¬</Unicode>
                </TextEquiv>
            </TextLine>
            <TextLine id="r_11_tl_18" custom="readingOrder {index:17;}">
                <Coords points="135,2229 1108,2250 1166,2243 1164,2190 133,2187"/>
                <Baseline points="143,2221 188,2224 232,2224 277,2224 322,2224 367,2227 412,2227 456,2227 501,2227 546,2230 591,2230 635,2227 680,2230 725,2230 770,2227 815,2227 859,2230 904,2227 949,2227 994,2227 1038,2227 1083,2227 1128,2230 1170,2227"/>
                <Word id="r_11_tl_18_w1" custom="readingOrder {index:0;}">
                    <Coords points="140,2183 140,2243 232,2243 232,2183"/>
                    <TextEquiv>
                        <Unicode>licher</Unicode>
                    </TextEquiv>
                </Word>
                <Word id="r_11_tl_18_w2" custom="readingOrder {index:1;}">
                    <Coords points="267,2185 267,2245 424,2245 424,2185"/>
                    <TextEquiv>
                        <Unicode>Umstand</Unicode>
                    </TextEquiv>
                </Word>
                <Word id="r_11_tl_18_w3" custom="readingOrder {index:2;}">
                    <Coords points="471,2189 471,2249 604,2249 604,2189"/>
                    <TextEquiv>
                        <Unicode>gereitzt</Unicode>
                    </TextEquiv>
                </Word>
                <Word id="r_11_tl_18_w4" custom="readingOrder {index:3;}">
                    <Coords points="634,2190 634,2250 755,2250 755,2190"/>
                    <TextEquiv>
                        <Unicode>hätte,</Unicode>
                    </TextEquiv>
                </Word>
                <Word id="r_11_tl_18_w5" custom="readingOrder {index:4;}">
                    <Coords points="791,2187 791,2247 988,2247 988,2187"/>
                    <TextEquiv>
                        <Unicode>wenigstens</Unicode>
                    </TextEquiv>
                </Word>
                <Word id="r_11_tl_18_w6" custom="readingOrder {index:5;}">
                    <Coords points="1024,2187 1024,2247 1157,2247 1157,2187"/>
                    <TextEquiv>
                        <Unicode>tausend</Unicode>
                    </TextEquiv>
                </Word>
                <TextEquiv>
                    <Unicode>licher Umstand gereitzt hätte, wenigstens tausend</Unicode>
                </TextEquiv>
            </TextLine>
            <TextLine id="r_11_tl_19" custom="readingOrder {index:18;}">
                <Coords points="135,2284 1162,2292 1137,2235 135,2243"/>
                <Baseline points="143,2274 188,2277 232,2274 277,2274 322,2277 367,2277 412,2277 456,2277 501,2277 546,2280 591,2277 635,2277 680,2280 725,2280 770,2280 815,2280 859,2280 904,2280 949,2277 994,2274 1038,2274 1083,2277 1128,2280 1167,2280"/>
                <Word id="r_11_tl_19_w1" custom="readingOrder {index:0;}">
                    <Coords points="135,2235 135,2295 276,2295 276,2235"/>
                    <TextEquiv>
                        <Unicode>deutsche</Unicode>
                    </TextEquiv>
                </Word>
                <Word id="r_11_tl_19_w2" custom="readingOrder {index:1;}">
                    <Coords points="304,2237 304,2297 413,2297 413,2237"/>
                    <TextEquiv>
                        <Unicode>Leser,</Unicode>
                    </TextEquiv>
                </Word>
                <Word id="r_11_tl_19_w3" custom="readingOrder {index:2;}">
                    <Coords points="441,2237 441,2297 489,2297 489,2237"/>
                    <TextEquiv>
                        <Unicode>die</Unicode>
                    </TextEquiv>
                </Word>
                <Word id="r_11_tl_19_w4" custom="readingOrder {index:3;}">
                    <Coords points="522,2239 522,2299 576,2299 576,2239"/>
                    <TextEquiv>
                        <Unicode>der</Unicode>
                    </TextEquiv>
                </Word>
                <Word id="r_11_tl_19_w5" custom="readingOrder {index:4;}">
                    <Coords points="610,2240 610,2300 876,2300 876,2240"/>
                    <TextEquiv>
                        <Unicode>Muttersprache</Unicode>
                    </TextEquiv>
                </Word>
                <Word id="r_11_tl_19_w6" custom="readingOrder {index:5;}">
                    <Coords points="909,2237 909,2297 974,2297 974,2237"/>
                    <TextEquiv>
                        <Unicode>und</Unicode>
                    </TextEquiv>
                </Word>
                <Word id="r_11_tl_19_w7" custom="readingOrder {index:6;}">
                    <Coords points="1013,2234 1013,2294 1067,2294 1067,2234"/>
                    <TextEquiv>
                        <Unicode>den</Unicode>
                    </TextEquiv>
                </Word>
                <Word id="r_11_tl_19_w8" custom="readingOrder {index:7;}">
                    <Coords points="1105,2240 1105,2300 1159,2300 1159,2240"/>
                    <TextEquiv>
                        <Unicode>ab¬</Unicode>
                    </TextEquiv>
                </Word>
                <TextEquiv>
                    <Unicode>deutsche Leser, die der Muttersprache und den ab¬</Unicode>
                </TextEquiv>
            </TextLine>
            <TextLine id="r_11_tl_20" custom="readingOrder {index:19;}">
                <Coords points="138,2342 1158,2344 1158,2297 1115,2284 138,2286"/>
                <Baseline points="146,2331 176,2328 220,2328 265,2328 310,2328 355,2328 400,2325 444,2325 489,2325 534,2325 579,2328 623,2328 668,2328 713,2328 758,2331 803,2328 847,2328 892,2328 937,2325 982,2322 1027,2322 1071,2325 1116,2325 1161,2325"/>
                <Word id="r_11_tl_20_w1" custom="readingOrder {index:0;}">
                    <Coords points="139,2288 139,2348 307,2348 307,2288"/>
                    <TextEquiv>
                        <Unicode>stracteren</Unicode>
                    </TextEquiv>
                </Word>
                <Word id="r_11_tl_20_w2" custom="readingOrder {index:1;}">
                    <Coords points="342,2285 342,2345 612,2345 612,2285"/>
                    <TextEquiv>
                        <Unicode>philosophischen</Unicode>
                    </TextEquiv>
                </Word>
                <Word id="r_11_tl_20_w3" custom="readingOrder {index:2;}">
                    <Coords points="653,2289 653,2349 816,2349 816,2289"/>
                    <TextEquiv>
                        <Unicode>Aufsatzen</Unicode>
                    </TextEquiv>
                </Word>
                <Word id="r_11_tl_20_w4" custom="readingOrder {index:3;}">
                    <Coords points="856,2288 856,2348 906,2348 906,2288"/>
                    <TextEquiv>
                        <Unicode>des</Unicode>
                    </TextEquiv>
                </Word>
                <Word id="r_11_tl_20_w5" custom="readingOrder {index:4;}">
                    <Coords points="941,2282 941,2342 1025,2342 1025,2282"/>
                    <TextEquiv>
                        <Unicode>Herr</Unicode>
                    </TextEquiv>
                </Word>
                <Word id="r_11_tl_20_w6" custom="readingOrder {index:5;}">
                    <Coords points="1054,2285 1054,2345 1160,2345 1160,2285"/>
                    <TextEquiv>
                        <Unicode>Mar¬</Unicode>
                    </TextEquiv>
                </Word>
                <TextEquiv>
                    <Unicode>stracteren philosophischen Aufsatzen des Herr Mar¬</Unicode>
                </TextEquiv>
            </TextLine>
            <TextLine id="r_11_tl_21" custom="readingOrder {index:20;}">
                <Coords points="135,2383 1161,2384 1131,2336 135,2345"/>
                <Baseline points="143,2376 179,2379 223,2379 268,2379 313,2379 358,2376 403,2379 447,2379 492,2376 537,2376 582,2376 626,2379 671,2379 716,2379 761,2379 806,2379 850,2379 895,2379 940,2373 985,2373 1030,2373 1074,2370 1119,2373 1164,2373"/>
                <Word id="r_11_tl_21_w1" custom="readingOrder {index:0;}">
                    <Coords points="141,2339 141,2399 218,2399 218,2339"/>
                    <TextEquiv>
                        <Unicode>quis</Unicode>
                    </TextEquiv>
                </Word>
                <Word id="r_11_tl_21_w2" custom="readingOrder {index:1;}">
                    <Coords points="246,2339 246,2399 334,2399 334,2339"/>
                    <TextEquiv>
                        <Unicode>nicht</Unicode>
                    </TextEquiv>
                </Word>
                <Word id="r_11_tl_21_w3" custom="readingOrder {index:2;}">
                    <Coords points="362,2338 362,2398 538,2398 538,2338"/>
                    <TextEquiv>
                        <Unicode>gewachsen</Unicode>
                    </TextEquiv>
                </Word>
                <Word id="r_11_tl_21_w4" custom="readingOrder {index:3;}">
                    <Coords points="578,2338 578,2398 666,2398 666,2338"/>
                    <TextEquiv>
                        <Unicode>sind,</Unicode>
                    </TextEquiv>
                </Word>
                <Word id="r_11_tl_21_w5" custom="readingOrder {index:4;}">
                    <Coords points="694,2339 694,2399 721,2399 721,2339"/>
                    <TextEquiv>
                        <Unicode>zu</Unicode>
                    </TextEquiv>
                </Word>
                <Word id="r_11_tl_21_w6" custom="readingOrder {index:5;}">
                    <Coords points="755,2339 755,2399 843,2399 843,2339"/>
                    <TextEquiv>
                        <Unicode>ihrer</Unicode>
                    </TextEquiv>
                </Word>
                <Word id="r_11_tl_21_w7" custom="readingOrder {index:6;}">
                    <Coords points="877,2333 877,2393 1059,2393 1059,2333"/>
                    <TextEquiv>
                        <Unicode>Beßerung</Unicode>
                    </TextEquiv>
                </Word>
                <Word id="r_11_tl_21_w8" custom="readingOrder {index:7;}">
                    <Coords points="1092,2333 1092,2393 1158,2393 1158,2333"/>
                    <TextEquiv>
                        <Unicode>mit</Unicode>
                    </TextEquiv>
                </Word>
                <TextEquiv>
                    <Unicode>quis nicht gewachsen sind, zu ihrer Beßerung mit</Unicode>
                </TextEquiv>
            </TextLine>
            <TextLine id="r_11_tl_22" custom="readingOrder {index:21;}">
                <Coords points="135,2430 1162,2441 1162,2384 1076,2372 135,2383"/>
                <Baseline points="143,2427 182,2427 226,2427 271,2430 316,2430 361,2430 406,2427 450,2427 495,2427 540,2427 585,2427 629,2427 674,2427 719,2430 764,2430 809,2430 853,2430 898,2427 943,2427 988,2424 1032,2421 1077,2421 1122,2421 1167,2418"/>
                <Word id="r_11_tl_22_w1" custom="readingOrder {index:0;}">
                    <Coords points="135,2387 135,2447 184,2447 184,2387"/>
                    <TextEquiv>
                        <Unicode>den</Unicode>
                    </TextEquiv>
                </Word>
                <Word id="r_11_tl_22_w2" custom="readingOrder {index:1;}">
                    <Coords points="223,2390 223,2450 429,2450 429,2390"/>
                    <TextEquiv>
                        <Unicode>moralischen</Unicode>
                    </TextEquiv>
                </Word>
                <Word id="r_11_tl_22_w3" custom="readingOrder {index:2;}">
                    <Coords points="468,2387 468,2447 702,2447 702,2387"/>
                    <TextEquiv>
                        <Unicode>Gesinnungen</Unicode>
                    </TextEquiv>
                </Word>
                <Word id="r_11_tl_22_w4" custom="readingOrder {index:3;}">
                    <Coords points="741,2390 741,2450 827,2450 827,2390"/>
                    <TextEquiv>
                        <Unicode>eines</Unicode>
                    </TextEquiv>
                </Word>
                <Word id="r_11_tl_22_w5" custom="readingOrder {index:4;}">
                    <Coords points="866,2386 866,2446 1023,2446 1023,2386"/>
                    <TextEquiv>
                        <Unicode>Mannes</Unicode>
                    </TextEquiv>
                </Word>
                <Word id="r_11_tl_22_w6" custom="readingOrder {index:5;}">
                    <Coords points="1046,2381 1046,2441 1148,2441 1148,2381"/>
                    <TextEquiv>
                        <Unicode>näher</Unicode>
                    </TextEquiv>
                </Word>
                <TextEquiv>
                    <Unicode>den moralischen Gesinnungen eines Mannes näher</Unicode>
                </TextEquiv>
            </TextLine>
            <TextLine id="r_11_tl_23" custom="readingOrder {index:22;}">
                <Coords points="138,2475 1164,2486 1164,2439 1070,2428 138,2430"/>
                <Baseline points="146,2472 191,2475 235,2477 280,2480 325,2477 370,2480 414,2480 459,2477 504,2477 549,2477 594,2477 638,2477 683,2477 728,2480 773,2480 818,2477 862,2480 907,2477 952,2475 997,2472 1041,2472 1086,2469 1131,2472 1167,2472"/>
                <Word id="r_11_tl_23_w1" custom="readingOrder {index:0;}">
                    <Coords points="138,2435 138,2495 274,2495 274,2435"/>
                    <TextEquiv>
                        <Unicode>bekannt</Unicode>
                    </TextEquiv>
                </Word>
                <Word id="r_11_tl_23_w2" custom="readingOrder {index:1;}">
                    <Coords points="296,2438 296,2498 323,2498 323,2438"/>
                    <TextEquiv>
                        <Unicode>zu</Unicode>
                    </TextEquiv>
                </Word>
                <Word id="r_11_tl_23_w3" custom="readingOrder {index:2;}">
                    <Coords points="351,2439 351,2499 502,2499 502,2439"/>
                    <TextEquiv>
                        <Unicode>machen,</Unicode>
                    </TextEquiv>
                </Word>
                <Word id="r_11_tl_23_w4" custom="readingOrder {index:3;}">
                    <Coords points="525,2437 525,2497 579,2497 579,2437"/>
                    <TextEquiv>
                        <Unicode>der</Unicode>
                    </TextEquiv>
                </Word>
                <Word id="r_11_tl_23_w5" custom="readingOrder {index:4;}">
                    <Coords points="607,2437 607,2497 660,2497 660,2437"/>
                    <TextEquiv>
                        <Unicode>das</Unicode>
                    </TextEquiv>
                </Word>
                <Word id="r_11_tl_23_w6" custom="readingOrder {index:5;}">
                    <Coords points="688,2440 688,2500 802,2500 802,2440"/>
                    <TextEquiv>
                        <Unicode>seltene</Unicode>
                    </TextEquiv>
                </Word>
                <Word id="r_11_tl_23_w7" custom="readingOrder {index:6;}">
                    <Coords points="824,2436 824,2496 1003,2496 1003,2436"/>
                    <TextEquiv>
                        <Unicode>Verdienst</Unicode>
                    </TextEquiv>
                </Word>
                <Word id="r_11_tl_23_w8" custom="readingOrder {index:7;}">
                    <Coords points="1020,2431 1020,2491 1080,2491 1080,2431"/>
                    <TextEquiv>
                        <Unicode>hat</Unicode>
                    </TextEquiv>
                </Word>
                <Word id="r_11_tl_23_w9" custom="readingOrder {index:8;}">
                    <Coords points="1097,2431 1097,2491 1156,2491 1156,2431"/>
                    <TextEquiv>
                        <Unicode>un¬</Unicode>
                    </TextEquiv>
                </Word>
                <TextEquiv>
                    <Unicode>bekannt zu machen, der das seltene Verdienst hat un¬</Unicode>
                </TextEquiv>
            </TextLine>
            <TextLine id="r_11_tl_24" custom="readingOrder {index:23;}">
                <Coords points="135,2526 1161,2532 1161,2488 1090,2479 135,2491"/>
                <Baseline points="143,2519 188,2522 232,2525 277,2525 322,2528 367,2528 412,2528 456,2528 501,2528 546,2525 591,2522 635,2525 680,2525 725,2528 770,2528 815,2528 859,2528 904,2528 949,2528 994,2525 1038,2522 1083,2519 1128,2519 1164,2519"/>
                <Word id="r_11_tl_24_w1" custom="readingOrder {index:0;}">
                    <Coords points="141,2480 141,2540 186,2540 186,2480"/>
                    <TextEquiv>
                        <Unicode>ter</Unicode>
                    </TextEquiv>
                </Word>
                <Word id="r_11_tl_24_w2" custom="readingOrder {index:1;}">
                    <Coords points="209,2485 209,2545 322,2545 322,2485"/>
                    <TextEquiv>
                        <Unicode>andern</Unicode>
                    </TextEquiv>
                </Word>
                <Word id="r_11_tl_24_w3" custom="readingOrder {index:2;}">
                    <Coords points="356,2488 356,2548 423,2548 423,2488"/>
                    <TextEquiv>
                        <Unicode>auch</Unicode>
                    </TextEquiv>
                </Word>
                <Word id="r_11_tl_24_w4" custom="readingOrder {index:3;}">
                    <Coords points="452,2486 452,2546 593,2546 593,2486"/>
                    <TextEquiv>
                        <Unicode>jüdische</Unicode>
                    </TextEquiv>
                </Word>
                <Word id="r_11_tl_24_w5" custom="readingOrder {index:4;}">
                    <Coords points="610,2485 610,2545 728,2545 728,2485"/>
                    <TextEquiv>
                        <Unicode>Briefe</Unicode>
                    </TextEquiv>
                </Word>
                <Word id="r_11_tl_24_w6" custom="readingOrder {index:5;}">
                    <Coords points="746,2488 746,2548 943,2548 943,2488"/>
                    <TextEquiv>
                        <Unicode>geschrieben</Unicode>
                    </TextEquiv>
                </Word>
                <Word id="r_11_tl_24_w7" custom="readingOrder {index:6;}">
                    <Coords points="972,2485 972,2545 1000,2545 1000,2485"/>
                    <TextEquiv>
                        <Unicode>zu</Unicode>
                    </TextEquiv>
                </Word>
                <Word id="r_11_tl_24_w8" custom="readingOrder {index:7;}">
                    <Coords points="1029,2479 1029,2539 1152,2539 1152,2479"/>
                    <TextEquiv>
                        <Unicode>haben.</Unicode>
                    </TextEquiv>
                </Word>
                <TextEquiv>
                    <Unicode>ter andern auch jüdische Briefe geschrieben zu haben.</Unicode>
                </TextEquiv>
            </TextLine>
            <TextLine id="r_11_tl_25" custom="readingOrder {index:24;}">
                <Coords points="129,2584 1158,2579 1158,2530 129,2541"/>
                <Baseline points="137,2570 176,2570 220,2573 265,2576 310,2576 355,2576 400,2576 444,2576 489,2576 534,2576 579,2573 623,2576 668,2576 713,2576 758,2576 803,2579 847,2579 892,2579 937,2579 982,2573 1027,2573 1071,2570 1116,2570 1161,2567"/>
                <Word id="r_11_tl_25_w1" custom="readingOrder {index:0;}">
                    <Coords points="135,2530 135,2590 212,2590 212,2530"/>
                    <TextEquiv>
                        <Unicode>Wir</Unicode>
                    </TextEquiv>
                </Word>
                <Word id="r_11_tl_25_w2" custom="readingOrder {index:1;}">
                    <Coords points="235,2536 235,2596 402,2596 402,2536"/>
                    <TextEquiv>
                        <Unicode>begnügen</Unicode>
                    </TextEquiv>
                </Word>
                <Word id="r_11_tl_25_w3" custom="readingOrder {index:2;}">
                    <Coords points="431,2536 431,2596 491,2596 491,2536"/>
                    <TextEquiv>
                        <Unicode>uns</Unicode>
                    </TextEquiv>
                </Word>
                <Word id="r_11_tl_25_w4" custom="readingOrder {index:3;}">
                    <Coords points="514,2533 514,2593 631,2593 631,2533"/>
                    <TextEquiv>
                        <Unicode>dahero</Unicode>
                    </TextEquiv>
                </Word>
                <Word id="r_11_tl_25_w5" custom="readingOrder {index:4;}">
                    <Coords points="659,2536 659,2596 714,2596 714,2536"/>
                    <TextEquiv>
                        <Unicode>von</Unicode>
                    </TextEquiv>
                </Word>
                <Word id="r_11_tl_25_w6" custom="readingOrder {index:5;}">
                    <Coords points="743,2536 743,2596 793,2596 793,2536"/>
                    <TextEquiv>
                        <Unicode>dem</Unicode>
                    </TextEquiv>
                </Word>
                <Word id="r_11_tl_25_w7" custom="readingOrder {index:6;}">
                    <Coords points="838,2537 838,2597 1055,2597 1055,2537"/>
                    <TextEquiv>
                        <Unicode>angenehmen</Unicode>
                    </TextEquiv>
                </Word>
                <Word id="r_11_tl_25_w8" custom="readingOrder {index:7;}">
                    <Coords points="1089,2529 1089,2589 1144,2589 1144,2529"/>
                    <TextEquiv>
                        <Unicode>und</Unicode>
                    </TextEquiv>
                </Word>
                <TextEquiv>
                    <Unicode>Wir begnügen uns dahero von dem angenehmen und</Unicode>
                </TextEquiv>
            </TextLine>
            <TextLine id="r_11_tl_26" custom="readingOrder {index:25;}">
                <Coords points="135,2626 1148,2632 1133,2574 135,2595"/>
                <Baseline points="143,2621 167,2621 211,2624 256,2624 301,2624 346,2624 391,2624 435,2627 480,2627 525,2627 570,2627 615,2624 659,2624 704,2624 749,2627 794,2627 838,2630 883,2630 928,2627 973,2624 1018,2624 1062,2621 1107,2618 1152,2615"/>
                <Word id="r_11_tl_26_w1" custom="readingOrder {index:0;}">
                    <Coords points="141,2584 141,2644 396,2644 396,2584"/>
                    <TextEquiv>
                        <Unicode>einleuchtenden</Unicode>
                    </TextEquiv>
                </Word>
                <Word id="r_11_tl_26_w2" custom="readingOrder {index:1;}">
                    <Coords points="436,2587 436,2647 600,2647 600,2587"/>
                    <TextEquiv>
                        <Unicode>Vortrage</Unicode>
                    </TextEquiv>
                </Word>
                <Word id="r_11_tl_26_w3" custom="readingOrder {index:2;}">
                    <Coords points="635,2584 635,2644 736,2644 736,2584"/>
                    <TextEquiv>
                        <Unicode>dieses</Unicode>
                    </TextEquiv>
                </Word>
                <Word id="r_11_tl_26_w4" custom="readingOrder {index:3;}">
                    <Coords points="771,2590 771,2650 964,2650 964,2590"/>
                    <TextEquiv>
                        <Unicode>berühmten</Unicode>
                    </TextEquiv>
                </Word>
                <Word id="r_11_tl_26_w5" custom="readingOrder {index:4;}">
                    <Coords points="1004,2580 1004,2640 1139,2640 1139,2580"/>
                    <TextEquiv>
                        <Unicode>Schrift</Unicode>
                    </TextEquiv>
                </Word>
                <TextEquiv>
                    <Unicode>einleuchtenden Vortrage dieses berühmten Schrift</Unicode>
                </TextEquiv>
            </TextLine>
            <TextLine id="r_11_tl_27" custom="readingOrder {index:26;}">
                <Coords points="143,2687 1158,2687 1148,2626 143,2634"/>
                <Baseline points="152,2672 176,2672 220,2672 265,2672 310,2672 355,2675 400,2675 444,2675 489,2675 534,2675 579,2675 623,2675 668,2675 713,2675 758,2675 803,2678 847,2681 892,2678 937,2678 982,2675 1027,2672 1071,2672 1116,2672 1161,2669"/>
                <Word id="r_11_tl_27_w1" custom="readingOrder {index:0;}">
                    <Coords points="138,2632 138,2692 257,2692 257,2632"/>
                    <TextEquiv>
                        <Unicode>stellers</Unicode>
                    </TextEquiv>
                </Word>
                <Word id="r_11_tl_27_w2" custom="readingOrder {index:1;}">
                    <Coords points="290,2632 290,2692 322,2692 322,2632"/>
                    <TextEquiv>
                        <Unicode>zu</Unicode>
                    </TextEquiv>
                </Word>
                <Word id="r_11_tl_27_w3" custom="readingOrder {index:2;}">
                    <Coords points="361,2635 361,2695 491,2695 491,2635"/>
                    <TextEquiv>
                        <Unicode>unserer</Unicode>
                    </TextEquiv>
                </Word>
                <Word id="r_11_tl_27_w4" custom="readingOrder {index:3;}">
                    <Coords points="525,2635 525,2695 649,2695 649,2635"/>
                    <TextEquiv>
                        <Unicode>eigenen</Unicode>
                    </TextEquiv>
                </Word>
                <Word id="r_11_tl_27_w5" custom="readingOrder {index:4;}">
                    <Coords points="688,2636 688,2696 872,2696 872,2636"/>
                    <TextEquiv>
                        <Unicode>Beßerung</Unicode>
                    </TextEquiv>
                </Word>
                <Word id="r_11_tl_27_w6" custom="readingOrder {index:5;}">
                    <Coords points="900,2638 900,2698 959,2698 959,2638"/>
                    <TextEquiv>
                        <Unicode>nur</Unicode>
                    </TextEquiv>
                </Word>
                <Word id="r_11_tl_27_w7" custom="readingOrder {index:6;}">
                    <Coords points="982,2633 982,2693 1025,2693 1025,2633"/>
                    <TextEquiv>
                        <Unicode>ein</Unicode>
                    </TextEquiv>
                </Word>
                <Word id="r_11_tl_27_w8" custom="readingOrder {index:7;}">
                    <Coords points="1053,2632 1053,2692 1144,2692 1144,2632"/>
                    <TextEquiv>
                        <Unicode>Paar</Unicode>
                    </TextEquiv>
                </Word>
                <TextEquiv>
                    <Unicode>stellers zu unserer eigenen Beßerung nur ein Paar</Unicode>
                </TextEquiv>
            </TextLine>
            <TextLine id="r_11_tl_28" custom="readingOrder {index:27;}">
                <Coords points="138,2733 1159,2728 1159,2689 1106,2678 138,2686"/>
                <Baseline points="146,2722 191,2722 235,2719 280,2719 325,2722 370,2722 414,2722 459,2722 504,2722 549,2722 594,2725 638,2722 683,2719 728,2725 773,2728 818,2728 862,2728 907,2728 952,2728 997,2722 1041,2722 1086,2719 1131,2719 1164,2722"/>
                <Word id="r_11_tl_28_w1" custom="readingOrder {index:0;}">
                    <Coords points="139,2679 139,2739 320,2739 320,2679"/>
                    <TextEquiv>
                        <Unicode>Beyspiele</Unicode>
                    </TextEquiv>
                </Word>
                <Word id="r_11_tl_28_w2" custom="readingOrder {index:1;}">
                    <Coords points="349,2682 349,2742 582,2742 582,2682"/>
                    <TextEquiv>
                        <Unicode>anzuführen.</Unicode>
                    </TextEquiv>
                </Word>
                <Word id="r_11_tl_28_w3" custom="readingOrder {index:2;}">
                    <Coords points="645,2679 645,2739 724,2739 724,2679"/>
                    <TextEquiv>
                        <Unicode>Der</Unicode>
                    </TextEquiv>
                </Word>
                <Word id="r_11_tl_28_w4" custom="readingOrder {index:3;}">
                    <Coords points="759,2688 759,2748 849,2748 849,2688"/>
                    <TextEquiv>
                        <Unicode>Herr</Unicode>
                    </TextEquiv>
                </Word>
                <Word id="r_11_tl_28_w5" custom="readingOrder {index:4;}">
                    <Coords points="884,2685 884,2745 1054,2745 1054,2685"/>
                    <TextEquiv>
                        <Unicode>Marquis</Unicode>
                    </TextEquiv>
                </Word>
                <Word id="r_11_tl_28_w6" custom="readingOrder {index:5;}">
                    <Coords points="1083,2679 1083,2739 1150,2739 1150,2679"/>
                    <TextEquiv>
                        <Unicode>sagt</Unicode>
                    </TextEquiv>
                </Word>
                <TextEquiv>
                    <Unicode>Beyspiele anzuführen. Der Herr Marquis sagt</Unicode>
                </TextEquiv>
            </TextLine>
            <TextLine id="r_11_tl_29" custom="readingOrder {index:28;}">
                <Coords points="138,2789 1151,2781 1151,2728 138,2737"/>
                <Baseline points="146,2773 170,2773 214,2773 259,2770 304,2770 349,2770 394,2770 438,2770 483,2770 528,2773 573,2773 618,2773 662,2773 707,2773 752,2776 797,2776 841,2779 886,2779 931,2776 976,2776 1021,2773 1065,2773 1110,2770 1155,2770"/>
                <Word id="r_11_tl_29_w1" custom="readingOrder {index:0;}">
                    <Coords points="144,2733 144,2793 166,2793 166,2733"/>
                    <TextEquiv>
                        <Unicode>im</Unicode>
                    </TextEquiv>
                </Word>
                <Word id="r_11_tl_29_w2" custom="readingOrder {index:1;}">
                    <Coords points="206,2730 206,2790 296,2790 296,2730"/>
                    <TextEquiv>
                        <Unicode>ersten</Unicode>
                    </TextEquiv>
                </Word>
                <Word id="r_11_tl_29_w3" custom="readingOrder {index:2;}">
                    <Coords points="319,2730 319,2790 482,2790 482,2730"/>
                    <TextEquiv>
                        <Unicode>Abschnitt</Unicode>
                    </TextEquiv>
                </Word>
                <Word id="r_11_tl_29_w4" custom="readingOrder {index:3;}">
                    <Coords points="500,2733 500,2793 595,2793 595,2733"/>
                    <TextEquiv>
                        <Unicode>seiner</Unicode>
                    </TextEquiv>
                </Word>
                <Word id="r_11_tl_29_w5" custom="readingOrder {index:4;}">
                    <Coords points="612,2733 612,2793 764,2793 764,2733"/>
                    <TextEquiv>
                        <Unicode>kritischen</Unicode>
                    </TextEquiv>
                </Word>
                <Word id="r_11_tl_29_w6" custom="readingOrder {index:5;}">
                    <Coords points="788,2736 788,2796 1046,2796 1046,2736"/>
                    <TextEquiv>
                        <Unicode>Betrachtungen</Unicode>
                    </TextEquiv>
                </Word>
                <Word id="r_11_tl_29_w7" custom="readingOrder {index:6;}">
                    <Coords points="1075,2730 1075,2790 1142,2790 1142,2730"/>
                    <TextEquiv>
                        <Unicode>über</Unicode>
                    </TextEquiv>
                </Word>
                <TextEquiv>
                    <Unicode>im ersten Abschnitt seiner kritischen Betrachtungen über</Unicode>
                </TextEquiv>
            </TextLine>
            <TextLine id="r_11_tl_30" custom="readingOrder {index:29;}">
                <Coords points="135,2832 1153,2832 1122,2781 135,2789"/>
                <Baseline points="143,2824 170,2824 214,2827 259,2824 304,2821 349,2818 394,2818 438,2818 483,2818 528,2821 573,2818 618,2821 662,2824 707,2824 752,2824 797,2827 841,2827 886,2830 931,2827 976,2824 1021,2824 1065,2821 1110,2821 1155,2821"/>
                <Word id="r_11_tl_30_w1" custom="readingOrder {index:0;}">
                    <Coords points="141,2784 141,2844 192,2844 192,2784"/>
                    <TextEquiv>
                        <Unicode>die</Unicode>
                    </TextEquiv>
                </Word>
                <Word id="r_11_tl_30_w2" custom="readingOrder {index:1;}">
                    <Coords points="215,2778 215,2838 469,2838 469,2778"/>
                    <TextEquiv>
                        <Unicode>Freundschaft:</Unicode>
                    </TextEquiv>
                </Word>
                <Word id="r_11_tl_30_w3" custom="readingOrder {index:2;}">
                    <Coords points="493,2779 493,2839 509,2839 509,2779"/>
                    <TextEquiv>
                        <Unicode>"</Unicode>
                    </TextEquiv>
                </Word>
                <Word id="r_11_tl_30_w4" custom="readingOrder {index:3;}">
                    <Coords points="538,2778 538,2838 628,2838 628,2778"/>
                    <TextEquiv>
                        <Unicode>Will</Unicode>
                    </TextEquiv>
                </Word>
                <Word id="r_11_tl_30_w5" custom="readingOrder {index:4;}">
                    <Coords points="652,2784 652,2844 719,2844 719,2784"/>
                    <TextEquiv>
                        <Unicode>man</Unicode>
                    </TextEquiv>
                </Word>
                <Word id="r_11_tl_30_w6" custom="readingOrder {index:5;}">
                    <Coords points="754,2785 754,2845 799,2845 799,2785"/>
                    <TextEquiv>
                        <Unicode>die</Unicode>
                    </TextEquiv>
                </Word>
                <Word id="r_11_tl_30_w7" custom="readingOrder {index:6;}">
                    <Coords points="833,2787 833,2847 1008,2847 1008,2787"/>
                    <TextEquiv>
                        <Unicode>Menschen</Unicode>
                    </TextEquiv>
                </Word>
                <Word id="r_11_tl_30_w8" custom="readingOrder {index:7;}">
                    <Coords points="1043,2781 1043,2841 1138,2841 1138,2781"/>
                    <TextEquiv>
                        <Unicode>genau</Unicode>
                    </TextEquiv>
                </Word>
                <TextEquiv>
                    <Unicode>die Freundschaft: " Will man die Menschen genau</Unicode>
                </TextEquiv>
            </TextLine>
            <TextLine id="r_11_tl_31" custom="readingOrder {index:30;}">
                <Coords points="135,2872 1158,2882 1130,2828 135,2833"/>
                <Baseline points="143,2860 188,2875 232,2875 277,2875 322,2872 367,2872 412,2869 456,2869 501,2872 546,2872 591,2872 635,2875 680,2875 725,2875 770,2878 815,2878 859,2881 904,2881 949,2878 994,2878 1038,2875 1083,2872 1128,2872 1161,2872"/>
                <Word id="r_11_tl_31_w1" custom="readingOrder {index:0;}">
                    <Coords points="141,2835 141,2895 306,2895 306,2835"/>
                    <TextEquiv>
                        <Unicode>"kennen,</Unicode>
                    </TextEquiv>
                </Word>
                <Word id="r_11_tl_31_w2" custom="readingOrder {index:1;}">
                    <Coords points="335,2832 335,2892 357,2892 357,2832"/>
                    <TextEquiv>
                        <Unicode>so</Unicode>
                    </TextEquiv>
                </Word>
                <Word id="r_11_tl_31_w3" custom="readingOrder {index:2;}">
                    <Coords points="385,2829 385,2889 456,2889 456,2829"/>
                    <TextEquiv>
                        <Unicode>muß</Unicode>
                    </TextEquiv>
                </Word>
                <Word id="r_11_tl_31_w4" custom="readingOrder {index:3;}">
                    <Coords points="496,2832 496,2892 562,2892 562,2832"/>
                    <TextEquiv>
                        <Unicode>man</Unicode>
                    </TextEquiv>
                </Word>
                <Word id="r_11_tl_31_w5" custom="readingOrder {index:4;}">
                    <Coords points="596,2833 596,2893 639,2893 639,2833"/>
                    <TextEquiv>
                        <Unicode>sich</Unicode>
                    </TextEquiv>
                </Word>
                <Word id="r_11_tl_31_w6" custom="readingOrder {index:5;}">
                    <Coords points="668,2836 668,2896 828,2896 828,2836"/>
                    <TextEquiv>
                        <Unicode>bemühen</Unicode>
                    </TextEquiv>
                </Word>
                <Word id="r_11_tl_31_w7" custom="readingOrder {index:6;}">
                    <Coords points="856,2838 856,2898 1050,2898 1050,2838"/>
                    <TextEquiv>
                        <Unicode>dasjenige,</Unicode>
                    </TextEquiv>
                </Word>
                <Word id="r_11_tl_31_w8" custom="readingOrder {index:7;}">
                    <Coords points="1078,2832 1078,2892 1144,2892 1144,2832"/>
                    <TextEquiv>
                        <Unicode>was</Unicode>
                    </TextEquiv>
                </Word>
                <TextEquiv>
                    <Unicode>"kennen, so muß man sich bemühen dasjenige, was</Unicode>
                </TextEquiv>
            </TextLine>
            <TextLine id="r_11_tl_32" custom="readingOrder {index:31;}">
                <Coords points="152,2929 221,2963 1158,2949 1156,2880 151,2885"/>
                <Baseline points="161,2922 206,2928 250,2928 295,2925 340,2925 385,2922 429,2922 474,2922 519,2925 564,2925 609,2928 653,2925 698,2928 743,2928 788,2928 832,2928 877,2931 922,2931 967,2931 1012,2928 1056,2925 1101,2925 1146,2925 1161,2928"/>
                <Word id="r_11_tl_32_w1" custom="readingOrder {index:0;}">
                    <Coords points="153,2883 153,2943 196,2943 196,2883"/>
                    <TextEquiv>
                        <Unicode>"in</Unicode>
                    </TextEquiv>
                </Word>
                <Word id="r_11_tl_32_w2" custom="readingOrder {index:1;}">
                    <Coords points="222,2886 222,2946 309,2946 309,2886"/>
                    <TextEquiv>
                        <Unicode>ihren</Unicode>
                    </TextEquiv>
                </Word>
                <Word id="r_11_tl_32_w3" custom="readingOrder {index:2;}">
                    <Coords points="334,2882 334,2942 459,2942 459,2882"/>
                    <TextEquiv>
                        <Unicode>Herzen</Unicode>
                    </TextEquiv>
                </Word>
                <Word id="r_11_tl_32_w4" custom="readingOrder {index:3;}">
                    <Coords points="485,2885 485,2945 640,2945 640,2885"/>
                    <TextEquiv>
                        <Unicode>vorgeht,</Unicode>
                    </TextEquiv>
                </Word>
                <Word id="r_11_tl_32_w5" custom="readingOrder {index:4;}">
                    <Coords points="666,2886 666,2946 697,2946 697,2886"/>
                    <TextEquiv>
                        <Unicode>zu</Unicode>
                    </TextEquiv>
                </Word>
                <Word id="r_11_tl_32_w6" custom="readingOrder {index:5;}">
                    <Coords points="722,2888 722,2948 903,2948 903,2888"/>
                    <TextEquiv>
                        <Unicode>errathen,</Unicode>
                    </TextEquiv>
                </Word>
                <Word id="r_11_tl_32_w7" custom="readingOrder {index:6;}">
                    <Coords points="929,2891 929,2951 984,2951 984,2891"/>
                    <TextEquiv>
                        <Unicode>und</Unicode>
                    </TextEquiv>
                </Word>
                <Word id="r_11_tl_32_w8" custom="readingOrder {index:7;}">
                    <Coords points="1010,2886 1010,2946 1060,2946 1060,2886"/>
                    <TextEquiv>
                        <Unicode>nie</Unicode>
                    </TextEquiv>
                </Word>
                <Word id="r_11_tl_32_w9" custom="readingOrder {index:8;}">
                    <Coords points="1085,2885 1085,2945 1141,2945 1141,2885"/>
                    <TextEquiv>
                        <Unicode>aus</Unicode>
                    </TextEquiv>
                </Word>
                <TextEquiv>
                    <Unicode>"in ihren Herzen vorgeht, zu errathen, und nie aus</Unicode>
                </TextEquiv>
            </TextLine>
            <TextEquiv>
                <Unicode></Unicode>
            </TextEquiv>
        </TextRegion>
    </Page>
</PcGts>
