2479 3508
1369 363 1450 423 Das
1476 366 1613 426 dritte
1646 367 1752 427 Stück
1784 369 1877 429 dieser
1909 367 2116 427 Lindauschen
2155 372 2336 432 Nachrich¬

1317 411 1365 471 ten
1392 412 1538 472 recensirt
1561 416 1614 476 den
1642 416 1734 476 ersten
1756 416 1858 476 Theil
1875 416 1935 476 von
1962 417 2325 477 Moldenhawers

1321 461 1521 521 gründlichen
1559 464 1781 524 Erläuterung
1808 466 1861 526 der
1888 466 2035 526 schweren
2062 466 2184 526 Stellen
2211 469 2321 529 Neuen

1321 509 1547 569 Testaments,
1569 512 1795 572 Dietrichs
1829 515 1934 575 kurzen
1962 515 2116 575 Entwurf
2144 515 2194 575 der
2227 515 2332 575 christ¬

1312 557 1404 617 lichen
1436 557 1554 617 Lehre,
1581 557 1632 617 die
1659 560 1777 620 zweyte
1809 566 2021 626 Sammlung
2058 563 2109 623 der
2141 566 2322 626 Predigten

1317 604 1375 664 vom
1418 604 1581 664 Verfaßer
1602 604 1655 664 des
1693 606 1835 666 Christen
1872 610 1898 670 in
1930 610 1983 670 der
2010 613 2237 673 Einsamkeit,
2258 613 2332 673 Ul¬

1312 655 1419 715 richs
1448 655 1537 715 kurze
1561 655 1753 715 Einleitung
1793 657 1849 717 und
1878 661 2065 721 Erklärung
2094 664 2144 724 der
2173 663 2331 723 Offenba¬

1312 706 1398 766 rung
1422 706 1473 766 des
1503 702 1618 762 HErrn
1648 703 1739 763 JEsu
1775 703 1803 763 an
1845 709 2070 769 Johannem,
2094 712 2145 772 des
2175 712 2330 772 Bitau¬

1314 754 1358 814 be
1386 754 1631 814 Untersuchung
1660 753 1709 813 des
1737 755 2183 815 Glaubensbekänntnißes,
2201 761 2255 821 das
2284 760 2322 820 ein

1322 801 1504 861 Savoyard
1533 804 1587 864 vom
1638 801 1833 861 Geistlichen
1878 801 1905 861 im
1955 801 2066 861 Emile
2100 809 2238 869 ablegt,
2267 810 2321 870 und

1311 852 1520 912 Herveys
1561 852 1764 912 auserlesene
1793 849 1934 909 Briefe.
1986 849 2065 909 Das
2088 858 2325 918 Originalstück

1315 899 1352 959 ist
1375 897 1430 957 der
1453 900 1630 960 Character
1658 900 1741 960 einer
1769 901 2002 961 tugendhaften
2036 900 2141 960 Frau.

1367 948 1470 1008 Unter
1488 948 1540 1008 den
1569 948 1725 1008 Anzeigen
1754 948 1812 1008 von
1841 951 1939 1011 neuen
1969 948 2118 1008 Büchern
2148 952 2246 1012 stehen
2281 956 2327 1016 die

1309 997 1338 1057 zu
1373 995 1466 1055 Zürch
1502 995 1781 1055 ausgekommene
1810 998 1961 1058 Urtheile
1985 998 2043 1058 und
2073 999 2317 1059 Bezeugungen

1309 1043 1364 1103 der
1393 1045 1581 1105 christlichen
1621 1046 1932 1106 Rechtschaffenheit
1966 1049 2082 1109 sammt
2105 1046 2227 1106 einigen
2255 1049 2327 1109 Ge¬

1321 1091 1398 1151 beten
1429 1091 1490 1151 und
1517 1091 1780 1151 Festandachten,
1807 1097 1863 1157 vom
1905 1097 2070 1157 Verfaßer
2091 1097 2147 1157 des
2169 1097 2328 1157 Christ¬

1312 1141 1441 1201 lichen
1480 1142 1793 1202 Nachdenkens
1838 1142 1886 1202 rc.
1940 1145 2015 1205 Der
2043 1146 2238 1206 Patriot
2265 1146 2308 1206 am

1321 1190 1570 1250 Bodensee,
1597 1189 1665 1249 oder
1692 1187 1894 1247 auserlesene
1915 1193 2122 1253 Sammlung
2154 1196 2201 1256 der
2223 1196 2312 1256 besten

1317 1234 1446 1294 bishero
1480 1232 1832 1292 herausgekommenen
1871 1235 2076 1295 moralischen
2109 1245 2331 1305 Abhandlun¬

1318 1282 1369 1342 gen
1411 1282 1499 1342 durch
1536 1282 1666 1342 getreue
1703 1282 1858 1342 Auszüge
1885 1282 1932 1342 rc.
1958 1285 2020 1345 und
2046 1285 2155 1345 Herrn
2187 1290 2321 1350 Jacob

1314 1330 1478 1390 Vernet
1511 1330 1718 1390 Christlicher
1746 1333 1931 1393 Unterricht
1959 1333 2029 1393 oder
2073 1336 2329 1396 Hauscatechis¬

1314 1384 1407 1444 mus.
1436 1384 1524 1444 Man
1552 1383 1623 1443 kann
1647 1383 1729 1443 nicht
1746 1384 1901 1444 leugnen,
1907 1386 1956 1446 daß
1991 1384 2034 1444 die
2051 1387 2212 1447 Verfaßer
2229 1387 2322 1447 dieser

1312 1434 1558 1494 ausführlichen
1602 1434 1657 1494 und
1694 1434 1848 1494 kritischen
1880 1437 2095 1497 Nachrichten
2127 1437 2213 1497 ihrer
2244 1437 2330 1497 Auf¬

1313 1482 1420 1542 schrift
1437 1484 1483 1544 ein
1512 1482 1653 1542 Genüge
1677 1482 1789 1542 thun,
1812 1485 1875 1545 und
1904 1485 2006 1545 außer
2029 1487 2113 1547 einer
2137 1486 2329 1546 buchstäbli¬

1306 1531 1373 1591 chen
1413 1532 1588 1592 Sorgfalt
1617 1529 1668 1589 sich
1702 1532 1792 1592 durch
1827 1532 1872 1592 ein
1912 1535 2059 1595 beredtes
2105 1536 2314 1596 Doppelkinn

1305 1575 1364 1635 von
1403 1576 1727 1636 Unpartheylichkeit
1754 1578 1814 1638 und
1852 1581 2106 1641 Gründlichkeit
2128 1584 2317 1644 ehrwürdig

1306 1620 1450 1680 machen.
1501 1619 1578 1679 Wir
1601 1622 1785 1682 empfehlen
1819 1622 1918 1682 daher
1941 1628 2030 1688 nicht
2053 1628 2114 1688 nur
2131 1631 2326 1691 gegenwär¬

1299 1670 1364 1730 tige
1389 1670 1578 1730 periodische
1608 1670 1774 1730 Schrift,
1810 1670 1941 1730 sondern
1977 1673 2101 1733 werden
2144 1676 2202 1736 uns
2245 1677 2315 1737 jede

1307 1724 1534 1784 Gelegenheit
1553 1721 1583 1781 zu
1621 1721 1713 1781 Nutz
1732 1721 1880 1781 machen,
1905 1721 2016 1781 unsere
2041 1721 2120 1781 Leser
2146 1724 2262 1784 darauf
2287 1727 2311 1787 zu

1303 1772 1501 1832 verweisen;
1530 1772 1718 1832 ungeachtet
1752 1772 1809 1832 wir
1838 1772 1895 1832 den
1924 1772 2037 1832 kleinen
2077 1774 2219 1834 Zweifel
2237 1775 2321 1835 nicht

1306 1822 1532 1882 unterdrücken
1561 1821 1710 1881 können:
1738 1819 1771 1879 ob
1805 1819 1854 1879 die
1888 1819 2054 1879 Methode
2077 1822 2132 1882 der
2165 1825 2326 1885 ausführ¬

1298 1870 1417 1930 lichsten
1457 1870 1576 1930 Kritick
1611 1867 1701 1927 ihren
1736 1870 1957 1930 gewünschten
1992 1868 2110 1928 Nutzen
2145 1873 2195 1933 bey
2230 1876 2320 1936 kurz¬

1300 1915 1439 1975 sichtigen
1478 1918 1539 1978 und
1573 1915 1801 1975 undenkenden
1841 1918 2097 1978 Halbgelehrten
2136 1919 2247 1979 füglich
2276 1921 2325 1981 er¬

1296 1966 1413 2026 reichen
1444 1966 1593 2026 könne?
1651 1966 1774 2026 Kosten
1813 1969 1837 2029 in
1875 1969 1923 2029 der
1955 1966 2173 2026 Kanterschen
2211 1970 2322 2030 Buch=

1307 2017 1471 2077 handlung
1505 2019 1586 2079 jedes
1612 2017 1718 2077 Stück
1736 2017 1776 2077 18
1810 2017 1867 2077 gr.

1709 2064 1903 2124 Berlin.

1354 2112 1468 2172 Sieben
1503 2112 1611 2172 kleine
1639 2109 1795 2169 Gedichte
1823 2112 1898 2172 nach
1932 2115 2129 2175 Anacreons
2171 2115 2319 2175 Manier.

1307 2160 1417 2220 1764.
1448 2161 1490 2221 ein
1516 2160 1576 2220 und
1608 2157 1651 2217 ein
1682 2158 1792 2218 halber
1823 2158 1933 2218 Bogen
1971 2163 2001 2223 in
2033 2166 2315 2226 Taschenformat.

1308 2211 1414 2271 Wann
1447 2208 1540 2268 unser
1560 2208 1641 2268 neue
1661 2208 1894 2268 Anakreontist
1913 2208 1969 2268 kein
1995 2211 2152 2271 Rechabit
2171 2214 2228 2274 ist,
2235 2217 2322 2277 wür¬

1307 2258 1336 2318 de
1366 2258 1430 2318 mit
1455 2258 1554 2318 seiner
1579 2258 1868 2318 lobenswürdigen
1898 2255 2092 2315 Keuschheit
2110 2258 2198 2318 wohl
2223 2262 2316 2322 beste¬

1300 2309 1359 2369 hen
1395 2309 1513 2369 können
1550 2306 1638 2366 jener
1675 2306 1971 2366 freundschaftliche
2002 2303 2119 2363 Rath:
2144 2307 2309 2367 "Brauch

1305 2357 1343 2417 ein
1371 2357 1473 2417 wenig
1512 2354 1637 2414 Weins
1664 2355 1702 2415 um
1763 2357 1871 2417 deines
1910 2353 2056 2413 Magens
2084 2351 2285 2411 willen."-

1311 2408 1390 2468 Man
1427 2405 1507 2465 wird
1545 2402 1636 2462 leicht
1668 2405 1840 2465 erachten,
1865 2405 1975 2465 warum
2013 2402 2074 2462 wir
2093 2403 2197 2463 weder
2223 2408 2308 2468 mehr

1307 2455 1384 2515 noch
1420 2451 1558 2511 weniger
1594 2449 1723 2509 Proben
1767 2455 1818 2515 als
1854 2453 1914 2513 zwo
1950 2452 2018 2512 aus
2054 2452 2149 2512 dieser
2176 2458 2296 2518 kleinen

1314 2503 1522 2563 Sammlung
1547 2501 1747 2561 mittheilen.

1549 2568 1630 2628 Die
1673 2571 1775 2631 Rose
1829 2569 1869 2629 am
1933 2566 2066 2626 Bach.

1470 2626 1550 2686 An
1640 2632 1743 2692 die
1818 2633 2143 2693 Schönen.

1403 2693 1481 2753 Jhr
1522 2696 1719 2756 Schönen,
1767 2697 1838 2757 dort
1886 2694 1917 2754 in
1973 2697 2028 2757 dem
2100 2702 2210 2762 Thal!

1407 2740 1477 2800 Ihr
1529 2744 1644 2804 blüht,
1690 2748 1753 2808 wie
1806 2745 1991 2805 Blumen;
2037 2753 2120 2813 ach,
2166 2751 2255 2811 seht!

1400 2790 1501 2850 Seht
1550 2793 1622 2853 hier
1678 2796 1725 2856 die
1780 2793 1900 2853 Rose!
1956 2796 2033 2856 Sie
2082 2799 2166 2859 sieht

1405 2835 1489 2895 Sich
1543 2842 1574 2902 in
1627 2846 1686 2906 dem
1752 2844 1908 2904 Spiegel
1956 2847 2014 2907 des
2066 2848 2210 2908 Bachs,

1401 2891 1469 2951 Und
1527 2894 1639 2954 wird,
1685 2895 1779 2955 indem
1849 2895 1892 2955 sie
1943 2898 1993 2958 sich
2051 2897 2150 2957 sieht,

2218 2947 2307 3007 Voll

251 366 465 426 zuschlagen?
523 364 573 424 2)
599 366 719 426 Finden
751 366 807 426 sich
840 366 934 426 solche
961 364 1200 424 Vorurtheile,
1220 363 1270 423 die

258 415 327 475 eine
349 410 587 470 Ehrerbietung
615 413 810 473 verdienen,
832 413 896 473 und
918 413 967 473 die
995 413 1032 473 ein
1065 413 1157 473 guter
1179 412 1275 472 Bür¬

255 465 310 525 ger
332 461 487 521 öffentlich
520 464 730 524 anzugreifen
764 461 813 521 sich
853 461 896 521 ein
925 461 1095 521 Bedenken
1135 461 1261 521 machen

256 512 340 572 soll?
398 511 442 571 3)
471 510 618 570 Welches
652 509 736 569 Volk
765 512 804 572 ist
828 509 946 569 jemals
980 511 1036 571 das
1071 509 1268 569 glücklichste

252 560 431 620 gewesen?
479 558 526 618 4)
543 557 617 617 Wie
638 560 754 620 könnte
771 560 918 620 zwischen
945 560 998 620 den
1025 560 1183 620 Bürgern
1210 557 1267 617 und

255 607 451 667 Landleuten
491 604 546 664 der
582 607 819 667 verschiedenen
854 607 1060 667 Freystaaten
1091 608 1147 668 des
1172 607 1277 667 eidge¬

254 655 419 715 noßischen
451 654 594 714 Bundes
621 657 684 717 eine
711 656 923 716 vertrauliche
951 658 1184 718 Bekantschaft
1206 658 1264 718 und

260 703 376 763 engere
398 706 631 766 Freundschaft
653 706 811 766 gepflanzt
839 703 992 763 werden?

308 751 381 811 Von
422 752 506 812 St.
535 751 687 811 Gallen
727 753 805 813 wird
834 754 879 814 ein
908 754 1009 814 Werk
1032 754 1082 814 des
1111 754 1274 814 vortrefli¬

256 801 322 861 chen
350 800 455 860 Herrn
478 801 584 861 Prof.
595 801 823 861 Wegelins
857 801 1118 861 angekündiget,
1136 803 1185 863 das
1214 803 1263 863 den

261 849 354 909 Titel
366 847 486 907 führt:
509 849 707 909 Moralische
729 849 789 909 und
818 849 977 909 politische
999 852 1258 912 Betrachtungen

261 897 340 957 über
363 897 408 957 die
437 897 646 957 spartanische
675 897 919 957 Gesetzgebung
953 900 1009 960 des
1038 900 1224 960 Lykurgus.

303 942 380 1002 Von
403 945 520 1005 Genf
548 945 671 1005 meldet
688 948 783 1008 man,
800 948 849 1008 daß
883 948 967 1008 nicht
990 950 1045 1010 das
1073 950 1240 1010 Publicum

261 995 391 1055 sondern
426 995 476 1055 der
499 995 584 1055 Herr
608 995 754 1055 Roussau
783 998 874 1058 allein
908 998 993 1058 seine
1011 998 1265 1058 Wiederlegung

257 1041 310 1101 von
353 1043 400 1103 dem
448 1044 665 1104 bescheidenen
703 1046 809 1106 Herrn
841 1046 952 1106 Prof.
979 1046 1106 1106 Vernet
1128 1046 1159 1106 zu
1186 1046 1260 1106 lesen

258 1091 438 1151 bekommen
469 1093 574 1153 wird,
599 1093 659 1153 und
690 1094 745 1154 daß
781 1096 821 1156 ein
851 1097 966 1157 großer
992 1097 1268 1157 Mathematicker

257 1142 326 1202 eben
358 1142 490 1202 daselbst
512 1142 565 1202 des
587 1142 693 1202 Herrn
725 1142 831 1202 Prof.
847 1145 1081 1205 Lamberts
1114 1145 1278 1205 cosmolo¬

258 1192 354 1252 gische
382 1188 506 1248 Briefe
535 1190 613 1250 über
648 1191 692 1251 die
721 1193 940 1253 Einrichtung
980 1193 1036 1253 des
1070 1193 1262 1253 Weltbaues

258 1235 304 1295 ins
337 1234 548 1294 französische
574 1234 742 1294 übersetze.

312 1286 361 1346 Im
400 1282 582 1342 zweyten
616 1285 721 1345 Stück
749 1284 842 1344 dieser
865 1282 1114 1342 ausführlichen
1137 1279 1197 1339 und
1220 1276 1280 1336 kri¬

256 1336 368 1396 tischen
397 1336 606 1396 Nachrichten
641 1333 758 1393 werden
799 1336 1064 1396 Spaldings
1088 1333 1263 1393 Gedanken

259 1384 336 1444 über
366 1384 418 1444 den
455 1386 567 1446 Werth
604 1385 657 1445 der
681 1384 829 1444 Gefühle
853 1384 876 1444 im
918 1384 1191 1444 Christenthum,
1210 1383 1268 1443 und

261 1431 328 1491 eben
363 1433 510 1493 deßelben
539 1434 589 1494 7te
612 1434 747 1494 Auflage
771 1433 826 1493 von
867 1433 917 1493 der
946 1434 1178 1494 Bestimmung
1212 1431 1262 1491 des

258 1482 465 1542 Menschen,
487 1482 672 1542 imgleichen
716 1480 764 1540 die
792 1482 1058 1542 Unterredungen
1091 1482 1140 1542 des
1173 1482 1270 1542 Pho¬

252 1528 317 1588 cion
350 1530 410 1590 und
437 1530 622 1590 Rousseaus
649 1530 747 1590 Werk
769 1530 823 1590 vom
868 1530 1161 1590 gesellschaftlichen
1189 1530 1275 1590 Ver¬

256 1578 347 1638 gleich
386 1578 553 1638 recensirt.
613 1575 694 1635 Das
727 1575 970 1635 Originalstück
998 1574 1040 1634 ist
1068 1574 1138 1634 eine
1165 1575 1267 1635 kleine

261 1626 448 1686 Erzählung
471 1625 561 1685 unter
584 1625 630 1685 der
653 1622 851 1682 Aufschrift:
874 1619 924 1679 der
948 1619 1010 1679 Tod
1039 1621 1083 1681 des
1107 1619 1271 1679 Christen.

257 1670 331 1730 Den
368 1673 501 1733 Schluß
538 1673 644 1733 macht
682 1670 750 1730 eine
783 1670 925 1730 Anzeige
958 1668 1011 1728 von
1054 1670 1106 1730 dem
1155 1670 1180 1730 in
1223 1667 1270 1727 der

262 1721 522 1781 Freyherrschaft
553 1720 760 1780 Haldenstein
802 1720 831 1780 in
874 1721 1039 1781 Bündten
1081 1721 1264 1781 errichteten

256 1772 518 1832 Seminarium.
564 1772 661 1832 Zwey
684 1772 860 1832 Gelehrte,
878 1772 923 1832 die
941 1772 1059 1832 Herren
1089 1772 1259 1832 Martin

252 1822 411 1882 Planta
447 1822 509 1882 und
544 1822 726 1882 Johann
755 1820 892 1880 Peter
922 1819 1190 1879 Nasemann,
1203 1819 1265 1879 sind

255 1870 384 1930 Stifter
418 1870 602 1930 deßelben,
624 1873 688 1933 und
722 1870 819 1930 haben
852 1870 906 1930 von
939 1870 987 1930 der
1015 1870 1274 1930 Standes=Ver¬

253 1921 432 1981 sammlung
465 1921 633 1981 gemeiner
656 1921 671 1981 3
710 1921 840 1981 Bünde
868 1918 960 1978 1761
993 1918 1025 1978 zu
1059 1919 1183 1979 Davos
1222 1918 1270 1978 die

250 1969 472 2029 Bestätigung
506 1968 672 2028 erhalten.
722 1963 822 2023 Ihre
850 1963 1088 2023 Hauptabsicht
1117 1963 1188 2023 geht
1217 1966 1272 2026 da¬

254 2014 303 2074 hin
343 2012 392 2072 die
415 2011 564 2071 Schüler
592 2011 619 2071 in
658 2011 708 2071 dem
753 2011 991 2071 Christenthum
1036 2014 1063 2074 zu
1102 2011 1273 2071 gründen,

256 2060 320 2120 und
351 2061 379 2121 zu
416 2061 468 2121 dem
510 2060 794 2120 obrigkeitlichen,
830 2064 1013 2124 häuslichen
1049 2064 1108 2124 und
1138 2061 1273 2121 militai¬

253 2113 368 2173 rischen
397 2112 558 2172 Stande,
588 2112 645 2172 wie
680 2112 749 2172 auch
784 2112 835 2172 zur
865 2112 1165 2172 Kaufmannschaft
1194 2109 1269 2169 vor¬

253 2163 429 2223 zubereiten
463 2160 519 2220 und
548 2163 662 2223 tüchtig
691 2161 718 2221 zu
753 2163 901 2223 machen.
947 2163 1060 2223 Außer
1095 2159 1180 2219 einer
1203 2160 1270 2220 Re¬

249 2211 488 2271 ligionsstunde
516 2211 635 2271 werden
674 2211 689 2271 7
717 2208 771 2268 der
799 2211 1049 2271 Unterweisung
1077 2208 1272 2268 gewidmet,

252 2260 267 2320 6
301 2258 456 2318 Stunden
495 2255 544 2315 der
578 2255 765 2315 deutschen,
788 2261 1020 2321 lateinischen,
1037 2257 1258 2317 französischen

252 2309 311 2369 und
338 2307 555 2367 italiänischen
593 2303 772 2363 Sprache,
794 2306 847 2366 der
876 2309 1173 2369 Erdbeschreibung
1201 2306 1260 2366 und

255 2357 532 2417 Schreibekunst.
550 2354 691 2414 Rechnen
720 2354 776 2414 und
805 2357 1065 2417 Mathematick,
1077 2355 1268 2415 Weltweis=

252 2403 322 2463 heit
345 2406 404 2466 und
432 2405 622 2465 allgemeine
650 2402 834 2462 Geschichte
856 2405 976 2465 werden
1009 2408 1095 2468 einen
1124 2405 1193 2465 Tag
1216 2405 1248 2465 um

255 2449 310 2509 den
338 2452 448 2512 andern
482 2452 725 2512 abgewechselt.
760 2449 842 2509 Eine
865 2455 1002 2515 Stunde
1026 2455 1052 2515 in
1081 2455 1130 2515 der
1147 2452 1263 2512 Woche

257 2497 331 2557 wird
359 2499 413 2559 von
446 2503 532 2563 einem
570 2503 732 2563 gelehrten
754 2500 933 2560 Edelmann
966 2504 1041 2564 über
1068 2506 1111 2566 die
1128 2503 1268 2563 Landes¬

250 2548 311 2608 und
341 2548 726 2608 Schweitzergeschichte,
744 2552 800 2612 wie
824 2551 891 2611 auch
920 2551 994 2611 über
1017 2554 1062 2614 die
1080 2554 1266 2614 Büͤndner¬

255 2596 315 2656 und
344 2593 504 2653 Veltliner
532 2594 659 2654 Gesetze
688 2602 831 2662 gelesen.
876 2599 953 2659 Der
987 2600 1175 2660 Vormittag
1203 2601 1253 2661 des

258 2644 490 2704 Sonnabends
524 2641 563 2701 ist
580 2641 635 2701 zur
652 2648 940 2708 Wiederholung;
968 2647 1024 2707 der
1046 2649 1257 2709 Nachmittag

250 2699 301 2759 zum
347 2691 603 2751 Briefschreiben
632 2693 848 2753 angewandt.
895 2697 945 2757 Im
986 2700 1156 2760 Frühjahr
1180 2698 1259 2758 wird

257 2748 304 2808 die
331 2742 580 2802 Kräuterkunde
602 2737 654 2797 bey
687 2739 734 2799 den
767 2742 1047 2802 Spatziergängen
1074 2748 1270 2808 mitgenom¬

260 2798 356 2858 men;
387 2794 440 2854 bey
465 2791 646 2851 schlimmer
677 2787 863 2847 Witterung
894 2790 966 2850 wird
997 2793 1050 2853 das
1075 2796 1268 2856 Drechseln,

259 2847 520 2907 Glaßschleifen,
542 2844 679 2904 Pappen
707 2842 748 2902 rc.
784 2839 1128 2899 Belustigungsweise
1150 2847 1266 2907 getrie=

256 2897 342 2957 ben.
