2479 3508
1190 1455 1263 1515 den.
1311 1454 1395 1514 Se.
1414 1458 1451 1518 K.
1470 1458 1562 1518 Hoh.
1583 1461 1629 1521 der
1648 1461 1891 1521 Erberonprinz
1920 1464 1994 1524 aber
2014 1464 2115 1524 tragen
2144 1463 2190 1523 die

1176 1506 1251 1566 tiefe
1274 1504 1404 1564 Trauer
1432 1506 1496 1566 noch
1520 1509 1530 1569 4
1558 1509 1715 1569 Monate.
1765 1512 1813 1572 Am
1858 1512 1928 1572 5ten
1966 1509 2064 1569 dieses
2092 1509 2184 1569 gieng

1187 1557 1236 1617 der
1264 1557 1347 1617 letzte
1387 1558 1452 1618 Zug
1486 1560 1541 1620 von
1580 1560 1630 1620 den
1664 1563 1940 1623 Stallpartheyen
1974 1560 2045 1620 nach
2074 1558 2195 1618 Frank¬

1180 1610 1247 1670 furt
1270 1610 1327 1670 ab,
1350 1612 1446 1672 dahin
1481 1610 1560 1670 schon
1600 1613 1680 1673 viele
1709 1610 1976 1670 Geräthschaften
2010 1608 2192 1668 vorausge¬

1183 1661 1307 1721 gangen
1335 1661 1416 1721 sind.
1465 1661 1540 1721 Der
1573 1664 2103 1724 Bancodeputations=President
2126 1660 2184 1720 und

1184 1712 1488 1772 Finanz=Minister
1512 1715 1596 1775 Herr
1625 1715 1715 1775 Graf
1738 1715 1794 1775 von
1823 1715 1986 1775 Hatzfeld,
1998 1712 2178 1772 imgleichen

1184 1760 1239 1820 der
1262 1763 1454 1823 Ungarische
1477 1763 1637 1823 Canzler,
1649 1766 1731 1826 Herr
1754 1763 1847 1823 Graf
1870 1763 1985 1823 Niclas
2014 1760 2179 1820 Esterhazy

1181 1812 1305 1872 schicken
1333 1811 1381 1871 sich
1409 1813 1479 1873 auch
1506 1814 1560 1874 zur
1583 1814 1679 1874 Reise
1708 1814 1804 1874 dahin
1837 1814 1891 1874 ab.
1952 1811 2027 1871 Die
2049 1809 2189 1869 Stande

1183 1858 1239 1918 von
1281 1858 1574 1918 Niederösterreich
1611 1861 1714 1921 haben
1761 1861 1806 1921 ein
1848 1858 1925 1918 Don
1967 1858 2090 1918 gratuit
2122 1857 2178 1917 von

1179 1904 1330 1964 100,000
1363 1906 1482 1966 Rthlr.
1498 1909 1553 1969 zur
1580 1909 1737 1969 Krönung
1765 1909 1818 1969 des
1841 1909 2025 1969 Römischen
2053 1906 2182 1966 Königs

1177 1951 1412 2011 ausgemacht,
1442 1955 1500 2015 und
1526 1954 1575 2014 die
1600 1957 1732 2017 übrigen
1767 1959 1933 2019 Erblande
1958 1957 2076 2017 werden
2106 1957 2179 2017 dazu

1180 2002 1251 2062 nach
1279 1999 1477 2059 Verhältniß
1506 2001 1561 2061 das
1584 2005 1694 2065 ihrige
1717 2005 1893 2065 gleichfalls
1922 2008 2115 2068 beytragen.

1469 2042 1637 2102 Bonn,
1671 2048 1723 2108 den
1753 2050 1767 2110 7
1796 2052 1897 2112 Febr.

1223 2094 1302 2154 Der
1331 2088 1534 2148 Churfürstl.
1563 2091 1738 2151 Cöllnische
1767 2094 1845 2154 erste
1868 2094 2094 2154 Stallmeister
2117 2093 2179 2153 und

1179 2240 1267 2300 fährt
1285 2237 1350 2297 fort
1368 2234 1415 2294 die
1439 2237 1580 2297 seltsame
1611 2243 1770 2303 Wirkung
1801 2246 1948 2306 deßelben
1978 2246 2066 2306 durch
2091 2246 2184 2306 über¬

1176 2287 1333 2347 zeugende
1359 2282 1490 2342 Proben
1522 2290 1546 2350 zu
1578 2294 1798 2354 bekräftigen.

1428 2340 1599 2400 Paris,
1628 2345 1684 2405 vom
1731 2345 1794 2405 10.
1829 2348 1925 2408 Febr.

1224 2381 1299 2441 Den
1327 2381 1395 2441 4ten
1424 2388 1519 2448 dieses
1554 2393 1656 2453 waren
1692 2396 1718 2456 zu
1754 2396 1931 2456 Versailles
1967 2393 2014 2453 die
2035 2393 2179 2453 Staats=

1176 2429 1367 2489 Depechen=
1386 2435 1447 2495 und
1472 2443 1700 2503 Finanzräthe
1719 2444 1947 2504 versammelt,
1966 2440 2003 2500 um
2047 2440 2188 2500 gemein¬

1173 2479 1325 2539 schaftlich
1353 2483 1432 2543 über
1460 2488 1513 2548 die
1541 2494 1834 2554 Angelegenheiten
1875 2491 1928 2551 der
1955 2488 2175 2548 Ostindischen

1175 2530 1383 2590 Compagnie
1407 2536 1436 2596 zu
1461 2542 1651 2602 überlegen.
1699 2542 1752 2602 Es
1770 2542 1883 2602 wurde
1908 2539 2014 2599 darinn
2044 2538 2192 2598 entschie=

1171 2630 1227 2690 der
1256 2635 1465 2695 Compagnie
1500 2641 1658 2701 beystehen
1698 2641 1822 2701 könne;
1868 2640 1930 2700 und
1970 2636 2026 2696 daß
2061 2638 2179 2698 selbige

1175 2679 1295 2739 vorher
1319 2682 1359 2742 ein
1388 2687 1596 2747 Verzeichniß
1619 2688 1705 2748 ihrer
1735 2686 1850 2746 Activ=
1874 2685 1931 2745 und
1966 2684 2184 2744 Paßivschul¬

1164 2728 1220 2788 den
1255 2733 1408 2793 eingeben
1443 2736 1567 2796 müste,
1597 2736 1693 2796 bevor
1728 2733 1801 2793 Se.
1824 2735 1972 2795 Königl.
1995 2733 2097 2793 Maj.
2120 2733 2165 2793 sich

1170 2778 1196 2838 in
1234 2779 1281 2839 den
1313 2784 1440 2844 Antrag
1467 2784 1615 2844 einlassen
1642 2783 1774 2843 könnte,
1796 2784 1854 2844 das
1876 2783 2082 2843 Privilegium
2120 2781 2183 2841 die¬

1179 2829 1219 2889 ser
1243 2832 1456 2892 Gesellschaft
1475 2836 1672 2896 einzuziehen
1701 2835 1759 2895 und
1789 2832 1834 2892 die
1858 2834 2055 2894 Bezahlung
2085 2829 2176 2889 ihrer

1171 2882 1339 2942 Schulden
1386 2888 1415 2948 zu
1451 2885 1689 2945 übernehmen.
1742 2885 1946 2945 Unterdessen
1981 2879 2080 2939 könne
2104 2879 2167 2939 man

2093 2933 2181 2993 fort¬

1285 355 1359 415 Fiel
1406 357 1481 417 hoch
1545 354 1603 414 aus
1661 357 1747 417 einer
1800 362 1944 422 Wolke,

1285 400 1366 460 Tief
1419 401 1447 461 in
1506 402 1564 462 das
1623 407 1756 467 Meer,
1804 410 1868 470 und
1926 410 1996 470 sahe

1284 455 1472 515 Neptunus
1522 452 1655 512 Reich,
1716 455 1777 515 und
1833 458 1948 518 sagte:

1289 494 1398 554 „Was
1458 500 1507 560 bin
1562 500 1604 560 ich
1665 500 1692 560 im
1763 508 1964 568 Getümmel

1288 545 1387 605 "Der
1437 548 1553 608 großen
1610 551 1892 611 Wasserwogen?

1294 586 1371 646 "Ein
1427 598 1551 658 Nichts
1607 594 1653 654 bin
1701 598 1786 658 ich,
1834 601 1880 661 ein
1944 602 2099 662 Tropfe!

1331 646 1476 706 Schnell
1524 646 1727 706 schwimmet
1775 646 1844 706 eine
1898 649 2055 709 Muschel

1281 700 1328 760 Zu
1388 697 1445 757 dem
1526 694 1723 754 bescheidnen
1788 694 1930 754 Tropfen

1284 747 1361 807 Und
1413 745 1490 805 thut
1542 745 1596 805 sich
1647 745 1731 805 auf,
1782 743 1843 803 und
1899 744 2055 804 schlinget

1280 793 1364 853 Ihn
1421 795 1500 855 ein,
1552 792 1613 852 und
1665 792 1794 852 schließt
1846 792 1896 852 sich
1954 792 2105 852 wieder!

1330 838 1384 898 Da
1445 843 1526 903 wird
1582 842 1614 902 er
1669 842 1696 902 in
1763 843 1817 903 der
1872 843 2030 903 Muschel

1279 891 1350 951 Zur
1407 891 1639 951 allerschönsten
1702 891 1829 951 Perle,

1287 936 1383 996 Wird
1434 940 1655 1000 aufgefischt,
1701 939 1763 999 und
1820 942 1960 1002 pranget

1281 987 1368 1047 Nun
1426 990 1456 1050 in
1513 990 1564 1050 der
1623 987 1736 1047 großen
1778 987 1885 1047 Krone

1285 1037 1364 1097 Des
1416 1039 1599 1099 Persischen
1662 1037 1902 1097 Monarchen!

1231 1094 1347 1154 Außer
1379 1100 1464 1160 einem
1508 1097 1605 1157 Echo
1637 1097 1698 1157 und
1729 1097 2085 1157 Selbstgespräch
2123 1097 2183 1157 sind

1184 1143 1255 1203 noch
1295 1148 1366 1208 drey
1411 1150 1572 1210 Gedichte
1611 1148 1649 1208 an
1689 1148 1738 1208 die
1777 1145 1905 1205 Herren
1955 1145 2193 1205 Klopstock,

1177 1196 1354 1256 Ramler
1389 1196 1446 1256 und
1481 1198 1716 1258 Spalding
1757 1196 1923 1256 gerichtet.
1998 1193 2118 1253 Kosten
2159 1193 2187 1253 in

1177 1243 1234 1303 der
1263 1245 1480 1305 Kanterschen
1516 1246 1783 1306 Buchhandlung
1814 1246 1928 1306 allhier
1958 1243 2023 1303 wie
2052 1243 2123 1303 auch
2153 1243 2181 1303 in

1190 1291 1313 1351 Elbing
1336 1294 1394 1354 und
1424 1293 1541 1353 Mitau
1571 1293 1613 1353 12
1644 1294 1694 1354 gr.

388 1455 583 1515 Berlin,
612 1455 658 1515 den
696 1455 760 1515 25.
790 1455 891 1515 Febr.

194 1503 271 1563 Se.
297 1505 442 1565 Königl.
461 1506 624 1566 Majestät
642 1506 736 1566 haben
771 1506 823 1566 den
858 1506 1141 1566 Hof=Zahnartzt,

131 1554 238 1614 Herrn
265 1555 404 1615 Philipp
431 1557 525 1617 Pfaff
545 1556 608 1616 mit
628 1557 678 1617 dem
717 1557 843 1617 Patent
870 1557 951 1617 eines
978 1557 1142 1617 Hofraths

135 1608 330 1668 begnadigt.
387 1608 588 1668 Vorgestern
626 1608 771 1668 eröfnete
803 1610 853 1670 der
885 1610 972 1670 Herr
1005 1608 1142 1668 Formey

135 1656 185 1716 die
205 1658 422 1718 gewöhnliche
449 1660 699 1720 Versammlung
732 1661 782 1721 der
810 1661 956 1721 Königl.
976 1661 1148 1721 Academie

132 1707 183 1767 der
209 1709 468 1769 Wißenschaften
494 1709 558 1769 mit
578 1711 765 1771 Vorlesung
791 1710 875 1770 eines
902 1710 1043 1770 Briefes
1076 1707 1127 1767 vom

133 1757 245 1817 Herrn
275 1760 381 1820 Ritter
411 1758 463 1818 von
494 1760 682 1820 Jaucourt,
707 1757 830 1817 worinn
854 1758 996 1818 letzterer
1020 1756 1067 1816 der
1085 1756 1149 1816 Ge¬

135 1808 294 1868 sellschaft
320 1808 399 1868 seine
431 1808 659 1868 Danksagung
696 1808 745 1868 für
783 1807 831 1867 die
851 1805 942 1865 Ehre
961 1808 1053 1868 unter
1079 1809 1146 1869 ihre

133 1855 341 1915 auswärtige
377 1852 603 1912 Mitgenoßen
645 1852 900 1912 aufgenommen
947 1855 1074 1915 worden
1115 1858 1144 1918 zu

136 1903 201 1963 seyn
238 1906 376 1966 ablegte.
413 1900 558 1960 Hierauf
577 1900 631 1960 gab
656 1900 709 1960 der
729 1900 818 1960 Herr
837 1900 945 1960 Prof.
958 1902 1012 1962 von
1043 1906 1157 1966 Castil¬

133 1951 178 2011 lon
214 1951 265 2011 der
290 1950 457 2010 Academie
488 1945 539 2005 von
580 1945 661 2005 einer
697 1945 789 2005 neuen
825 1948 981 2008 Ausgabe
1005 1951 1057 2011 der
1080 1953 1149 2013 geo¬

136 1999 316 2059 metrischen
350 1993 638 2053 Anfangsgründe
672 1991 726 2051 des
760 1993 914 2053 Euclides
948 1996 1148 2056 Nachricht,

136 2046 187 2106 der
214 2046 306 2106 unter
333 2041 430 2101 seiner
451 2037 589 2097 Aufsicht
609 2041 668 2101 von
695 2040 792 2100 seinem
833 2040 937 2100 Herrn
971 2043 1095 2103 Sohn,
1116 2046 1154 2106 ei¬

131 2091 191 2151 nem
233 2090 347 2150 jungen
375 2088 552 2148 Gelehrten
580 2091 641 2151 von
669 2093 709 2153 18
744 2094 892 2154 Jahren,
914 2091 968 2151 ins
989 2094 1151 2154 französi¬

134 2140 198 2200 sche
217 2139 369 2199 übersetzt
387 2139 540 2199 worden.
588 2142 663 2202 Der
688 2144 787 2204 altere
805 2142 893 2202 Herr
917 2139 1023 2199 Prof.
1041 2142 1134 2202 Euler
1177 2145 1312 2205 Obriste
1342 2139 1394 2199 der
1419 2138 1642 2198 Cavallerie,
1672 2142 1765 2202 Herr
1790 2142 1848 2202 von
1884 2142 2013 2202 Sind,
2037 2144 2095 2204 hat
2131 2144 2171 2204 ein

135 2190 266 2250 endigte
297 2187 344 2247 die
363 2190 508 2250 Sitzung
538 2193 598 2253 mit
623 2193 670 2253 der
695 2193 875 2253 Vorlesung
906 2193 990 2253 einer
1015 2193 1147 2253 lateini=
1178 2194 1304 2254 Mittel
1329 2187 1424 2247 gegen
1455 2187 1509 2247 den
1545 2190 1636 2250 Rotz
1661 2193 1708 2253 der
1739 2195 1864 2255 Pferde
1896 2193 2088 2253 erfunden,
2119 2196 2178 2256 und

138 2237 215 2297 schen
252 2240 474 2300 Abhandlung
505 2240 583 2300 über
614 2242 661 2302 die
692 2243 884 2303 Bewegung
921 2243 969 2303 der
994 2243 1132 2303 flüßigen

138 2288 288 2348 Körper,
307 2291 414 2351 welche
439 2291 526 2351 durch
558 2293 602 2353 die
622 2294 834 2354 verschiedene
854 2291 966 2351 Grade
986 2289 1030 2349 der
1049 2289 1149 2349 Wär¬

130 2339 180 2399 me
204 2342 483 2402 hervorgebracht
508 2339 604 2399 wird.

420 2388 577 2448 Wien,
601 2390 655 2450 den
692 2393 703 2453 8
741 2390 843 2450 Febr.

189 2435 230 2495 Am
265 2435 334 2495 5ten
363 2438 460 2498 dieses
495 2439 577 2499 nahm
621 2437 675 2497 das
710 2440 884 2500 Carnaval
906 2437 953 2497 bey
982 2435 1072 2495 Hofe
1093 2429 1148 2489 sei=

125 2481 188 2541 nen
220 2485 385 2545 Anfang;
417 2488 448 2548 es
474 2488 582 2548 wurde
608 2487 683 2547 aber
709 2487 760 2547 der
779 2490 880 2550 kleine
900 2484 1140 2544 Redoutensaal

134 2530 224 2590 allein
261 2535 315 2595 für
346 2534 400 2594 den
438 2535 540 2595 hohen
578 2536 973 2596 Apartementsmäßigen
1004 2531 1082 2591 Adel
1101 2527 1149 2587 er¬

134 2578 240 2638 öfnet.
288 2582 364 2642 Bey
394 2581 476 2641 Hofe
500 2584 558 2644 sind
589 2587 671 2647 keine
695 2587 960 2647 Cammerfestins
984 2581 1042 2641 und
1061 2578 1137 2638 wer=
1174 2580 1250 2640 den,
1280 2583 1332 2643 daß
1363 2586 1409 2646 der
1433 2590 1545 2650 König
1569 2593 1675 2653 weder
1699 2593 1917 2653 gegenwärtig
1953 2587 2023 2647 noch
2047 2587 2170 2647 künftig

130 2626 178 2686 den
208 2626 267 2686 nur
292 2627 351 2687 von
388 2630 441 2690 den
478 2633 620 2693 Königl.
645 2635 806 2695 Hoheiten
843 2638 884 2698 ein
926 2635 985 2695 und
1022 2629 1135 2689 andere

141 2674 453 2734 Faschingssoupees
484 2682 543 2742 mit
568 2682 694 2742 allerley
731 2687 971 2747 Unterhaltung
996 2680 1019 2740 in
1050 2676 1122 2736 Bey

146 2727 208 2787 seyn
240 2724 428 2784 gesammter
447 2729 584 2789 höchster
610 2731 835 2791 Herrschaften
860 2733 1017 2793 gegeben.
1061 2724 1135 2784 Die

142 2775 222 2835 zwey
246 2773 385 2833 Monate
409 2775 460 2835 der
479 2778 570 2838 tiefen
600 2781 728 2841 Trauer
757 2783 803 2843 des
832 2784 983 2844 Kayserl.
1001 2776 1139 2836 Königl.

136 2825 238 2885 Hofes
269 2826 366 2886 haben
397 2823 445 2883 sich
482 2826 542 2886 mit
561 2829 688 2889 voriger
719 2830 840 2890 Woche
871 2832 1046 2892 geendigt,
1071 2826 1138 2886 und

144 2876 178 2936 es
200 2876 368 2936 erscheinet
390 2873 447 2933 nun
476 2877 524 2937 der
546 2882 630 2942 hohe
652 2882 729 2942 Adel
744 2882 772 2942 in
801 2884 962 2944 Sammet
984 2882 1040 2942 und
1062 2876 1146 2936 Sei=

236 366 330 426 Voll
372 361 489 421 Stolz
537 357 596 417 auf
644 354 721 414 ihre
774 353 921 413 Gestalt.

412 407 464 467 ihr
517 401 710 461 Schönen,
757 404 838 464 gebt
886 405 984 465 acht!

245 412 375 472 Allein,

344 457 468 517 kommt
528 450 571 510 ein
631 452 789 512 tobender
849 455 1006 515 Sturm,

241 459 292 519 Es

367 503 421 563 der
471 498 662 558 verschonet
712 500 755 560 sie
805 503 914 563 nicht.

245 508 318 568 Und

354 551 471 611 schlägt
531 548 578 608 die
631 549 772 609 Blätter
826 554 955 614 herab;

355 598 451 658 seht,
500 595 536 655 es
597 598 694 658 trägt
749 600 791 660 sie
846 601 894 661 der
949 601 1040 661 Bach

245 601 302 661 1ch

233 645 316 705 Auf

357 646 507 706 schnellen
569 645 696 705 Wellen
758 647 908 707 hinweg.

234 693 305 753 So

354 694 468 754 flieht,
516 696 569 756 ihr
624 697 819 757 Schönen,
867 697 920 757 ach
975 694 1068 754 seht!

231 741 296 801 So
350 745 444 805 flieht
498 748 550 808 die
598 748 799 808 Schönheit
847 748 982 808 davon!

314 830 377 890 An
433 832 507 892 die
542 834 769 894 Prinzeßin
802 835 833 895 .
856 835 878 895 .
911 837 974 897 ..

240 908 458 968 Prinzeßin,
507 909 559 969 die
613 907 654 967 du
714 906 819 966 weiser

239 957 298 1017 Als
353 957 526 1017 Socrates
587 957 646 1017 und
707 957 820 1017 Solon

231 1003 324 1063 Dich

392 1003 484 1063 selbst
534 1007 680 1067 erkennst
736 1006 795 1066 und
856 1001 980 1061 sagest:

234 1047 350 1107 "Was
407 1051 456 1111 bin
512 1055 557 1115 ich
613 1054 646 1114 in
702 1053 757 1113 den
819 1052 969 1112 Wirbeln

225 1094 349 1154 Der

391 1103 583 1163 Sonnen?
641 1103 729 1163 Was
787 1100 816 1160 im
887 1101 1026 1161 Raume

398 1150 503 1210 Erden
566 1151 632 1211 und
688 1151 743 1211 der
794 1150 1011 1210 Himmel?"

229 1142 345 1202 „Der

233 1196 313 1256 Hör
361 1198 435 1258 an,
489 1198 557 1258 was
617 1198 691 1258 eine
739 1198 850 1258 Muse

237 1243 316 1303 Mir
373 1249 475 1309 sang,
527 1246 560 1306 es
612 1243 685 1303 Dir
743 1246 770 1306 zu
834 1246 975 1306 singen!

234 1293 305 1353 Sie
357 1297 472 1357 sang:
516 1294 580 1354 Ein
639 1295 775 1355 Tropfe
819 1297 985 1357 Wasser,
