2479 3508
1343 2455 1668 2515 Wechsel-Cours
1685 2455 1700 2515 &
1748 2456 1899 2516 Species
1924 2452 1963 2512 d.
1980 2450 2018 2510 2.
2043 2449 2162 2509 Febr.
2178 2452 2329 2512 1764.

1901 2519 1938 2579 71
1958 2517 2045 2577 Tage
2066 2515 2122 2575 391
2153 2521 2200 2581 gr.

1333 2518 1518 2578 Amsterdam
1550 2518 1593 2578 41
1612 2521 1698 2581 Tage
1717 2526 1847 2586 393gr.

1907 2565 1918 2625 6
1950 2563 2004 2623 W.
2024 2563 2084 2623 170
2110 2566 2164 2626 gr.

1339 2569 1506 2629 Hamburg
1542 2564 1551 2624 3
1569 2570 1621 2630 W.
1631 2572 1692 2632 171
1720 2572 1763 2632 gr.

1805 2614 1948 2674 Dantzig
1982 2614 1994 2674 5
2027 2615 2079 2675 pr.
2099 2617 2216 2677 Cento.

1330 2619 1440 2679 Berlin

1877 2664 2008 2724 Alberts
2038 2664 2133 2724 Taler
2158 2664 2288 2724 170gr.

1331 2665 1478 2725 Ducaten
1508 2661 1581 2721 neue
1604 2665 1640 2725 11
1663 2669 1699 2729 fl.
1715 2670 1817 2730 18gr.

1823 2712 1873 2772 Alt
1887 2712 2027 2772 Polnisch
2054 2715 2123 2775 Geld
2143 2716 2181 2776 43
2195 2715 2245 2775 pr.
2259 2712 2335 2772 Cto.

1340 2718 1439 2778 Rubel
1462 2715 1475 2775 4
1499 2715 1534 2775 fl.
1542 2715 1648 2775 25gr.

1337 2769 1402 2829 Alte
1421 2770 1451 2830 ,
1476 2775 1511 2835 36
1543 2778 1597 2838 pr.
1609 2781 1730 2841 Cento.

1820 2778 1988 2838 Märcksch
2011 2778 2087 2838 Geld
2109 2781 2141 2841 12
2163 2778 2212 2838 pr.
2224 2775 2337 2835 Cento.

1332 2851 1426 2911 Diese
1443 2847 1580 2907 Gelehrte
1602 2847 1654 2907 und
1682 2849 1845 2909 Politische
1867 2847 1988 2907 Zeitung
2015 2849 2083 2909 wird
2110 2847 2157 2907 des
2184 2847 2332 2907 Montags

1439 2888 1493 2948 und
1518 2891 1660 2951 Freytags
1685 2891 1709 2951 in
1734 2888 1783 2948 dem
1823 2888 2019 2948 Kanterschen
2050 2891 2226 2951 Buchladen

1723 2930 1943 2990 ausgegeben.

1634 1530 2024 1590 AVERTISSEMENT.

1377 1579 1453 1639 Bey
1477 1583 1523 1643 dem
1563 1584 1709 1644 Verleger
1734 1586 1825 1646 dieser
1842 1590 1972 1650 Zeitung
1997 1590 2028 1650 ist
2044 1590 2066 1650 zu
2090 1590 2221 1650 haben:
2245 1587 2329 1647 Ver¬

1331 1631 1390 1691 such
1420 1634 1496 1694 über
1520 1631 1767 1691 Assecuranzen,
1785 1634 1974 1694 Havereyen
2010 1635 2068 1695 und
2092 1637 2315 1697 Bodmereyen

1328 1682 1530 1742 insgemein,
1554 1682 1617 1742 und
1646 1681 1722 1741 über
1745 1680 1941 1740 verschiedne
1965 1679 2070 1739 hiebey
2093 1682 2220 1742 gefügte
2238 1682 2336 1742 wirk¬

1329 1734 1396 1794 liche
1421 1734 1574 1794 Vorfälle
1594 1733 1649 1793 und
1674 1730 1760 1790 deren
1786 1727 2037 1787 Berechnungen
2070 1729 2118 1789 ins
2150 1732 2334 1792 besondere,

1325 1786 1413 1846 nebst
1443 1787 1525 1847 einer
1555 1782 1767 1842 Sammlung
1809 1783 1862 1843 der
1892 1778 2109 1838 vornehmsten
2145 1781 2227 1841 alten
2263 1782 2321 1842 und

1328 1836 1425 1896 neuen
1461 1837 1721 1897 Verordnungen
1763 1831 1803 1891 rc.
1838 1831 1913 1891 groß
1943 1830 1994 1890 4,
2024 1825 2198 1885 Hamburg
2233 1831 2267 1891 18
2296 1834 2330 1894 fl.

1328 1882 1438 1942 Wierz
1461 1884 1971 1944 Wechselarbitragen=Traktat,
1982 1876 2048 1936 oder
2077 1875 2120 1935 die
2143 1876 2242 1936 rechte
2265 1882 2325 1942 und

1332 1930 1442 1990 wahre
1468 1933 1634 1993 Manier,
1659 1933 1745 1993 deren
1782 1930 1832 1990 sich
1863 1930 1906 1990 die
1931 1924 2153 1984 vornehmsten
2184 1927 2338 1987 Wechsel¬

1338 1980 1442 2040 Plätze
1467 1983 1491 2043 in
1517 1981 1652 2041 Europa
1677 1981 1714 2041 um
1751 1981 1844 2041 gegen
1876 1981 2023 2041 einander
2048 1975 2078 2035 zu
2104 1973 2270 2033 wechseln,
2289 1976 2338 2036 be¬

1326 2031 1469 2091 dienen,
1494 2031 1680 2091 imgleichen
1717 2031 1776 2091 wie
1801 2031 1854 2091 auf
1879 2031 1945 2091 eine
1969 2029 2047 2089 ganz
2066 2025 2173 2085 leichte
2198 2023 2257 2083 und
2282 2023 2336 2083 ge¬

1328 2079 1478 2139 schwinde
1504 2079 1566 2139 Art
1586 2079 1636 2139 das
1668 2076 1762 2136 Pari
1775 2079 1850 2139 aller
1876 2082 1989 2142 Plätze
2009 2079 2039 2139 zu
2065 2076 2197 2136 finden,
2223 2074 2253 2134 zu
2286 2073 2335 2133 be¬

1331 2130 1484 2190 rechnen,
1502 2127 1561 2187 und
1591 2126 1673 2186 durch
1697 2124 1850 2184 Exempel
1868 2127 1926 2187 alle
1951 2130 2097 2190 Gattung
2128 2126 2274 2186 Wechsel
2293 2124 2333 2184 er¬

1332 2178 1473 2238 läutert,
1498 2176 1571 2236 groß
1603 2176 1645 2236 4,
1671 2172 1775 2232 Basel
1800 2176 1899 2236 763,
1924 2176 1967 2236 12
1992 2174 2028 2234 fl.
2097 2175 2244 2235 Versuch
2270 2175 2324 2235 von

1336 2226 1619 2286 Scherzgedichten
1660 2223 1717 2283 und
1753 2225 1868 2285 andern
1898 2220 2065 2280 poetischen
2094 2223 2337 2283 Ausarbeitun¬

1331 2276 1407 2336 gen,
1426 2277 1602 2337 8,764,27
1633 2273 1685 2333 gr.
1733 2273 1964 2333 Theologische
1982 2269 2135 2329 Berichte
2154 2267 2206 2327 von
2231 2270 2324 2330 neuen

1336 2325 1487 2385 Büchern
1517 2324 1574 2384 und
1604 2318 1791 2378 Schriften,
1821 2324 1887 2384 1tes
1924 2319 2046 2379 Stück,
2061 2318 2097 2378 8.
2112 2318 2227 2378 Danz.
2250 2321 2314 2381 764

1330 2376 1369 2436 27
1404 2377 1460 2437 gr.

1308 354 1373 414 eine
1404 360 1663 420 Miethskutsche
1688 365 1711 425 in
1743 366 1790 426 der
1815 366 2140 426 Parlamentsstraße
2165 366 2237 426 um,
2250 366 2303 426 und

1306 402 1359 462 der
1387 407 1500 467 darinn
1533 408 1581 468 saß
1614 415 1705 475 hatte
1733 416 1787 476 das
1825 415 1965 475 Unglück
1993 413 2046 473 den
2079 412 2144 472 Arm
2194 413 2220 473 zu
2253 415 2317 475 zer¬

1308 455 1455 515 brechen.
1514 455 1593 515 Der
1620 461 1773 521 Kutscher
1811 464 1868 524 bat
1895 464 1974 524 viele
2006 463 2123 523 Leute,
2150 463 2196 523 die
2218 461 2302 521 herzu

1307 504 1448 564 gelaufen
1478 503 1607 563 waren,
1631 508 1684 568 daß
1714 510 1749 570 sie
1773 512 1819 572 ihn
1855 512 1949 572 helfen
1985 512 2084 572 sollten
2121 509 2179 569 sein
2209 509 2308 569 Fuhr¬

1305 550 1392 610 werk
1413 554 1516 614 wider
1537 554 1774 614 aufzurichten.
1822 560 1893 620 Die
1914 563 2038 623 meisten
2070 559 2157 619 aber,
2183 558 2260 618 weil
2276 559 2312 619 sie

1306 604 1441 664 gewahr
1464 601 1621 661 wurden,
1648 603 1702 663 daß
1730 603 1773 663 die
1801 610 1963 670 Nummer
1991 610 2039 670 der
2062 610 2197 670 Kutsche
2219 604 2316 664 XLV.

1306 654 1401 714 war,
1428 655 1550 715 wollten
1588 652 1641 712 sich
1673 651 1758 711 nicht
1785 655 1859 715 dazu
1897 658 2083 718 verstehen,
2115 658 2210 718 unter
2243 655 2295 715 dem

1313 706 1537 766 Vorwande,
1562 702 1613 762 daß
1649 702 1683 762 es
1712 703 1885 763 gefährlich
1921 704 2001 764 wäre
2036 708 2088 768 sich
2124 709 2181 769 mit
2216 706 2308 766 dieser

1312 754 1511 814 Nummer,
1539 754 1583 814 die
1610 751 1788 811 bekannter
1817 751 1924 811 maßen
1963 754 2016 814 den
2050 757 2158 817 Herrn
2186 753 2309 813 Wilkes

1313 806 1506 866 unglücklich
1529 804 1688 864 gemacht,
1711 801 1916 861 abzugeben.
1968 798 2041 858 Die
2070 804 2206 864 Kutsche
2235 804 2314 864 blieb

1315 850 1374 910 also
1401 855 1466 915 eine
1494 855 1586 915 lange
1603 854 1672 914 Zeit
1695 855 1749 915 auf
1766 853 1814 913 der
1847 849 1993 909 Straßen
2027 852 2146 912 liegen,
2174 855 2227 915 daß
2250 855 2308 915 kein

1311 903 1409 963 ander
1435 903 1611 963 Fuhrwerk
1637 903 1751 963 vorbey
1778 903 1917 963 kommen
1959 900 2093 960 konnte.

1606 951 1739 1011 Rom,
1774 953 1829 1013 den
1857 951 1896 1011 28
1930 950 2024 1010 Jan.

1363 994 1434 1054 Die
1452 998 1661 1058 Apostolische
1679 998 1833 1058 Cammer
1856 998 1916 1058 hat
1933 998 2016 1058 schon
2044 995 2132 1055 1000
2160 996 2303 1056 Zechinen

1313 1046 1367 1106 von
1400 1046 1448 1106 den
1482 1046 1617 1106 500000
1651 1046 1791 1106 Thalern
1831 1046 1977 1106 bezahlt,
2000 1046 2119 1106 womit
2141 1044 2174 1104 sie
2201 1043 2244 1103 die
2272 1045 2326 1105 Al=

1318 1094 1511 1154 lodialgüter
1534 1094 1655 1154 erkauft
1678 1096 1750 1156 hat,
1772 1094 1882 1154 welche
1905 1094 1955 1154 der
1983 1095 2127 1155 Kayser,
2144 1094 2187 1154 als
2210 1094 2320 1154 Groß¬

1321 1145 1440 1205 Herzog
1473 1144 1526 1204 von
1554 1144 1726 1204 Toscana,
1743 1142 1769 1202 im
1813 1142 2034 1202 Kirchenstaat
2056 1145 2169 1205 besitzt.

1572 1187 1779 1247 Madrid,
1807 1189 1860 1249 den
1894 1190 1958 1250 24.
1986 1190 2078 1250 Jan.

1368 1231 1443 1291 Der
1474 1233 1600 1293 Herzog
1621 1234 1676 1294 von
1707 1234 1823 1294 Ossuna
1854 1234 1889 1294 ist
1915 1234 1975 1294 vom
2021 1234 2153 1294 Könige
2184 1240 2330 1300 ernannt

1316 1282 1468 1342 worden,
1490 1285 1539 1345 die
1561 1282 1740 1342 Nachricht
1763 1279 1816 1339 von
1845 1282 1893 1342 der
1921 1281 2155 1341 Vermählung
2183 1284 2237 1344 der
2259 1283 2329 1343 In¬

1328 1336 1422 1396 fantin
1452 1334 1553 1394 Dona
1583 1336 1701 1396 Maria
1731 1332 1837 1392 Louisa
1867 1332 1926 1392 mit
1951 1332 1997 1392 dem
2045 1331 2229 1391 Erzherzog
2259 1330 2329 1390 Leo¬

1323 1390 1412 1450 pold,
1443 1387 1473 1447 so
1504 1387 1576 1447 bald
1601 1387 1649 1447 die
1680 1384 1910 1444 Feyerlichkeit
1935 1384 2098 1444 vollzogen
2129 1384 2195 1444 seyn
2232 1384 2334 1444 wird,

1321 1439 1391 1499 nach
1419 1437 1510 1497 Wien
1538 1437 1569 1497 zu
1597 1434 1835 1494 überbringen.

257 356 436 416 fortfahren
467 354 522 414 den
552 354 763 414 Actionnairs
782 354 872 414 ihren
903 354 1004 414 Theil
1030 354 1053 414 zu
1084 353 1119 413 40
1150 352 1258 412 Livres

255 403 502 463 auszuzahlen.
552 402 626 462 Der
649 404 756 464 König
784 404 842 464 hat
870 404 918 464 den
951 401 1166 461 Erzbischöfen
1199 401 1258 461 und

258 450 469 510 Bischöfen,
491 452 606 512 welche
633 452 676 512 sich
704 454 758 514 bey
786 455 834 515 dem
873 452 1036 512 Cardinal
1058 452 1112 512 von
1140 449 1264 509 Luynes

257 500 490 560 versammlet,
521 497 562 557 um
615 500 666 560 die
697 503 966 563 Wiederruffung
1003 500 1116 560 unsers
1153 497 1272 557 Erzbi¬

259 548 360 608 schofs
383 548 435 608 bey
464 546 548 606 Jhro
577 548 680 608 Maj.
697 551 856 611 schriftlich
891 551 919 611 zu
954 551 1147 611 bewürken,
1171 548 1261 608 sagen

258 595 391 655 lassen,
430 597 485 657 daß
530 598 785 658 Höchstdieselbe
818 598 907 658 keine
941 598 1135 658 Bittschrift
1163 598 1262 658 dieses

273 646 438 706 Jnnhalts
461 646 638 706 annehmen
667 646 822 706 würden.
867 646 949 706 Der
972 649 1094 709 Herzog
1128 646 1271 706 Fitz=Ja=

265 693 335 753 mes
361 696 411 756 kam
452 697 502 757 den
528 697 624 757 ersten
655 694 755 754 dieses
782 693 837 753 von
857 694 1024 754 Toulouse
1040 694 1069 754 zu
1095 695 1267 755 Versailles

263 743 324 803 an,
351 745 407 805 und
439 748 547 808 wurde
568 745 636 805 sehr
667 745 786 805 gnädig
818 742 874 802 vom
921 745 1050 805 Könige
1082 745 1273 805 aufgenom¬

266 791 358 851 men,
379 794 436 854 der
462 792 508 852 sich
539 794 642 854 einige
673 792 828 852 Stunden
865 792 926 852 mit
952 792 1004 852 ihm
1051 792 1272 852 unterhalten.

269 843 308 903 Zu
339 840 469 900 gleicher
495 840 565 900 Zeit
586 840 635 900 kam
676 840 741 900 auch
782 841 836 901 von
872 840 1073 900 Bourdeaux
1099 843 1148 903 der
1174 840 1274 900 Mar¬

269 888 366 948 schall
394 888 523 948 Herzog
556 890 614 950 von
653 891 853 951 Richelieu,
886 891 988 951 wegen
1032 894 1085 954 der
1118 891 1264 951 Heyrath

270 936 375 996 seines
402 937 566 997 Sohnes,
593 940 640 1000 des
667 940 815 1000 Herzogs
847 942 900 1002 von
937 942 1095 1002 Fronsac,
1133 939 1196 999 mit
1223 939 1275 999 der

270 987 424 1047 Fräulein
467 987 663 1047 Hautefort.
727 987 802 1047 Der
834 990 1004 1050 Marquis
1037 991 1217 1051 Chatellier
1239 987 1270 1047 du

276 1034 415 1094 Mesnil
438 1037 475 1097 ist
497 1037 658 1097 gleichfals
686 1037 739 1097 von
767 1039 934 1099 Grenoble
951 1037 1058 1097 zurück
1075 1039 1280 1099 gekommen,

271 1083 334 1143 und
362 1087 451 1147 gieng
479 1085 531 1145 den
559 1088 627 1148 4ten
659 1088 728 1148 nach
750 1088 947 1148 Versailles.
995 1088 1085 1148 Man
1107 1088 1186 1148 weiß
1208 1085 1276 1145 aber

272 1133 374 1193 nichts
403 1134 459 1194 von
493 1136 594 1196 seiner
612 1136 805 1196 Aufnahme
828 1136 980 1196 daselbst.

271 1181 361 1241 nung
392 1182 441 1242 des
467 1183 608 1243 dortigen
638 1184 855 1244 Parlements
881 1184 971 1244 gegen
1002 1183 1051 1243 ihn
1077 1181 1107 1241 zu
1138 1178 1283 1238 untersu¬

266 1227 361 1287 chen,
383 1228 446 1288 sind
474 1228 521 1288 die
543 1228 648 1288 Herrn
681 1227 925 1287 d'Aguesseau,
947 1225 1091 1285 Gilbert
1112 1225 1165 1285 des
1197 1222 1287 1282 Voi¬

275 1276 338 1336 sins
360 1278 418 1338 und
440 1276 487 1336 der
509 1276 848 1336 Generalcontroleur
870 1273 912 1333 H.
928 1275 954 1335 de
981 1273 1119 1333 Laverdy
1146 1271 1284 1331 ernannt

276 1327 426 1387 worden.
476 1324 551 1384 Den
579 1327 675 1387 ersten
703 1327 800 1387 dieses
833 1325 902 1385 trug
925 1324 984 1384 das
1006 1324 1200 1384 Parlement
1222 1321 1270 1381 den

281 1372 374 1432 Gens
397 1372 424 1432 du
452 1375 518 1435 Roi
536 1378 607 1438 auf,
625 1375 668 1435 den
696 1375 762 1435 Hof
786 1375 840 1435 von
868 1378 951 1438 einer
973 1376 1239 1436 Schmähschrift
1251 1374 1272 1434 in

271 1421 291 1481 2
317 1422 471 1482 Theilen,
487 1422 574 1482 unter
596 1425 642 1485 dem
679 1425 792 1485 Titul:
818 1425 843 1485 Il
864 1425 905 1485 est
921 1425 1004 1485 tems
1020 1425 1050 1485 de
1071 1425 1194 1485 parler,
1221 1425 1277 1485 und

271 1470 327 1530 dem
374 1473 535 1533 Briefe
577 1473 696 1533 eines
732 1476 934 1536 Doctors
977 1473 1043 1533 der
1085 1470 1287 1530 Sorbon¬

273 1521 351 1581 ne,
373 1520 606 1580 Rechenschaft
633 1524 823 1584 abzulegen.
898 1521 976 1581 Den
1009 1521 1077 1581 8ten
1115 1521 1199 1581 hatte
1232 1517 1284 1577 der

277 1571 350 1631 Abt
372 1569 419 1629 des
446 1569 556 1629 Burle
578 1570 614 1630 de
636 1569 762 1629 Curban
795 1569 842 1629 die
858 1563 942 1623 Ehre
964 1565 1048 1625 Ihro
1070 1563 1286 1623 Majestäten,

275 1619 334 1679 dem
373 1618 535 1678 Dauphin
565 1616 624 1676 und
649 1613 703 1673 der
723 1612 904 1672 Prinzeßin
930 1611 1077 1671 Adelaide
1102 1610 1151 1670 den
1181 1609 1279 1669 letzten

280 1661 385 1721 Theil
407 1661 459 1721 von
492 1661 544 1721 dem
581 1658 681 1718 Werk
703 1661 755 1721 des
782 1662 882 1722 Herrn
914 1661 966 1721 von
1009 1662 1098 1722 Real
1120 1661 1198 1721 über
1236 1657 1283 1717 die

279 1712 510 1772 Staatslehre
527 1712 559 1772 zu
587 1712 808 1772 überreichen.
857 1712 937 1772 Den
971 1715 1040 1775 6ten
1073 1712 1170 1772 dieses
1203 1709 1278 1769 starl

281 1760 309 1820 im
355 1763 457 1823 23sten
491 1763 582 1823 Jahr
605 1762 689 1822 ihres
724 1763 831 1823 Alters
866 1763 911 1823 die
946 1763 1064 1823 Gräfin
1105 1763 1155 1823 von
1196 1763 1285 1823 Arco,

279 1813 439 1873 Gemalin
468 1814 517 1874 des
540 1811 772 1871 Reichsgrafen
795 1814 844 1874 von
873 1814 967 1874 Eyck,
989 1813 1283 1873 Churbayerischen

287 1861 509 1921 Abgesandten
541 1861 573 1921 an
605 1861 710 1921 unsern
743 1864 891 1924 Hoferc.
933 1859 985 1919 Am
1034 1863 1102 1923 3ten
1134 1860 1293 1920 Januar.

285 1911 412 1971 wurden
442 1911 564 1971 unweit
590 1909 702 1969 Rouen
727 1910 746 1970 in
771 1909 820 1969 der
836 1906 1046 1966 Normandie
1071 1909 1080 1969 2
1101 1909 1296 1969 Zwillings¬

280 1957 400 2017 töchter
425 1957 476 2017 zur
511 1954 606 2014 Welt
633 1954 809 2014 gebracht,
839 1951 929 2011 deren
966 1953 1030 2013 eine
1061 1955 1167 2015 keinen
1202 1955 1292 2015 Kopf

287 2005 392 2065 hatte,
424 2002 498 2062 auch
536 1999 620 2059 ohne
647 2002 778 2062 Lunge,
811 2002 921 2062 Leber,
953 2002 1042 2062 Herz
1065 2003 1122 2063 und
1159 2004 1280 2064 Magen

288 2050 336 2110 bis
359 2051 412 2111 zur
429 2049 565 2109 Geburt
582 2049 662 2109 leben
695 2050 836 2110 können,
859 2055 923 2115 und
945 2055 1031 2115 gleich
1055 2052 1141 2112 ihrer
1157 2049 1298 2109 Schwe¬

286 2103 346 2163 ster
369 2103 540 2163 gewachsen
568 2103 650 2163 war.
701 2104 788 2164 Herr
823 2103 850 2163 le
878 2106 960 2166 Cat,
983 2101 1115 2161 welcher
1144 2099 1193 2159 die
1221 2097 1292 2157 Be¬

288 2151 467 2211 schreibung
504 2151 560 2211 von
596 2151 688 2211 dieser
715 2151 915 2211 Misgeburt
936 2154 987 2214 der
1008 2151 1182 2211 Academie
1204 2148 1291 2208 gege¬

285 2201 338 2261 ben
371 2198 441 2258 hat,
469 2196 637 2256 versichert
654 2199 740 2259 nicht
757 2199 838 2259 nur,
866 2201 920 2261 daß
947 2202 979 2262 sie
1002 2202 1028 2262 in
1056 2201 1143 2261 ihrer
1170 2196 1229 2256 Art
1246 2195 1289 2255 die

285 2246 409 2306 einzige
431 2243 496 2303 sey,
524 2243 654 2303 sondern
682 2244 812 2304 erklärte
840 2250 904 2310 auch
937 2249 980 2309 die
1002 2249 1219 2309 Möglichkeit
1231 2242 1284 2302 von

284 2297 337 2357 der
364 2292 585 2352 Empfindung
618 2294 675 2354 und
703 2294 899 2354 Bewegung
926 2300 1004 2360 ohne
1021 2300 1126 2360 Kopf,
1153 2296 1211 2356 und
1233 2294 1285 2354 von

294 2345 342 2405 dem
386 2345 520 2405 Umlauf
542 2342 590 2402 des
623 2342 731 2402 Bluts
759 2342 839 2402 ohne
861 2348 947 2408 Herz
975 2350 1001 2410 in
1045 2346 1136 2406 dieser
1169 2343 1293 2403 Leibes¬

285 2396 411 2456 frucht.
461 2396 533 2456 Die
566 2393 754 2453 gründliche
782 2396 986 2456 Folgerung,
1014 2397 1129 2457 welche
1163 2393 1190 2453 er
1224 2393 1284 2453 aus

279 2439 382 2499 dieser
409 2440 648 2500 wunderbaren
686 2440 919 2500 Unordnung,
956 2446 1008 2506 bey
1045 2444 1097 2504 der
1129 2441 1295 2501 gleichwol

284 2486 332 2546 die
364 2491 603 2551 ordentlichsten
636 2491 838 2551 Wirkungen
870 2496 944 2556 statt
971 2495 1157 2555 gefunden,
1179 2491 1301 2551 herlei¬

288 2533 349 2593 tet,
371 2536 463 2596 geben
495 2536 521 2596 so
547 2537 609 2597 wol
630 2539 655 2599 in
687 2539 775 2599 dem,
801 2539 868 2599 was
895 2544 941 2604 die
967 2542 1117 2602 Bildung
1138 2542 1220 2602 eines
1242 2539 1298 2599 Fö¬

288 2582 345 2642 tus
378 2582 425 2642 als
452 2583 520 2643 auch
547 2584 599 2644 den
626 2587 795 2647 Gebrauch
822 2589 921 2649 seiner
948 2593 1148 2653 Werkzeuge
1170 2590 1296 2650 betrift,

295 2633 342 2693 ein
374 2631 493 2691 großes
536 2632 631 2692 Licht.

522 2679 744 2739 London,

773 2677 828 2737 den
868 2682 928 2742 10.
957 2685 1057 2745 Febr.

339 2727 427 2787 Herr
450 2725 533 2785 Pitt
562 2726 594 2786 ist
623 2726 684 2786 von
712 2727 811 2787 seinen
846 2730 985 2790 heftigen
1019 2739 1290 2799 Gichtschmerzen

288 2783 406 2843 wieder
433 2775 633 2835 hergestellt,
671 2778 730 2838 und
752 2778 822 2838 hoft
845 2778 893 2838 den
926 2778 1017 2838 14ten
1050 2787 1141 2847 dieses
1164 2787 1190 2847 im
1228 2786 1298 2846 Un=

286 2832 432 2892 terhause
456 2829 483 2889 zu
512 2826 710 2886 erscheinen.
762 2824 852 2884 Sein
887 2828 1096 2888 Schwager,
1125 2832 1175 2892 der
1199 2833 1289 2893 Graf

288 2877 346 2937 von
385 2879 519 2939 Temple
553 2874 606 2934 hat
628 2873 676 2933 den
709 2873 773 2933 7ten
807 2874 903 2934 dieses
931 2876 1028 2936 vielen
1061 2879 1298 2939 Standesper=

291 2930 381 2990 sonen
410 2931 449 2991 ein
489 2929 602 2989 großes
631 2927 846 2987 Tractament
870 2927 1028 2987 gegeben.
1074 2930 1215 2990 Neulich
1244 2930 1295 2990 fiel
