<?xml version="1.0" encoding="UTF-8" standalone="yes"?>
<PcGts xmlns="http://schema.primaresearch.org/PAGE/gts/pagecontent/2013-07-15" xmlns:xsi="http://www.w3.org/2001/XMLSchema-instance" xsi:schemaLocation="http://schema.primaresearch.org/PAGE/gts/pagecontent/2013-07-15 http://schema.primaresearch.org/PAGE/gts/pagecontent/2013-07-15/pagecontent.xsd">
    <Metadata>
        <Creator>prov=READ-COOP:name=PyLaia@TranskribusPlatform:version=2.12.1:model_id=39995:lm=none:date=19_03_2024_17:12</Creator>
        <Created>2024-03-19T17:24:15.450+01:00</Created>
        <LastChange>2024-03-19T17:12:16.944Z</LastChange>
        <TranskribusMetadata docId="1887019" pageId="66803634" pageNr="2" tsid="152545813" status="IN_PROGRESS" userId="222699" imgUrl="https://files.transkribus.eu/Get?id=XUPNLYZKXMHZWWGCLVLSYPIQ&amp;fileType=view" xmlUrl="https://files.transkribus.eu/Get?id=DETORURSVPBIZEOQVKUIIWZC" imageId="53461609"/>
    </Metadata>
    <Page imageFilename="66803634.jpg" imageWidth="2479" imageHeight="3508">
        <ReadingOrder>
            <OrderedGroup id="ro_1710868336945" caption="Regions reading order">
                <RegionRefIndexed index="0" regionRef="r_10"/>
                <RegionRefIndexed index="1" regionRef="r_11"/>
            </OrderedGroup>
        </ReadingOrder>
        <Relations/>
        <TextRegion id="r_10" custom="readingOrder {index:0;}">
            <Coords points="2347,3077 1272,3077 1272,336 2347,336"/>
            <TextLine id="r_10_tl_1" custom="readingOrder {index:0;}">
                <Coords points="1256,394 2307,405 2281,322 1762,348 1386,314 1256,350"/>
                <Baseline points="1271,385 1316,385 1361,382 1406,379 1450,382 1495,382 1540,385 1585,385 1630,388 1674,388 1719,388 1764,385 1809,388 1854,385 1898,385 1943,385 1988,385 2033,388 2077,388 2122,388 2167,388 2212,388 2257,388 2301,391 2313,388"/>
                <Word id="r_10_tl_1_w1" custom="readingOrder {index:0;}">
                    <Coords points="1276,343 1276,403 1389,403 1389,343"/>
                    <TextEquiv>
                        <Unicode>Keine</Unicode>
                    </TextEquiv>
                </Word>
                <Word id="r_10_tl_1_w2" custom="readingOrder {index:1;}">
                    <Coords points="1420,341 1420,401 1479,401 1479,341"/>
                    <TextEquiv>
                        <Unicode>von</Unicode>
                    </TextEquiv>
                </Word>
                <Word id="r_10_tl_1_w3" custom="readingOrder {index:2;}">
                    <Coords points="1522,345 1522,405 1636,405 1636,345"/>
                    <TextEquiv>
                        <Unicode>beyden</Unicode>
                    </TextEquiv>
                </Word>
                <Word id="r_10_tl_1_w4" custom="readingOrder {index:3;}">
                    <Coords points="1673,348 1673,408 1732,408 1732,348"/>
                    <TextEquiv>
                        <Unicode>hat</Unicode>
                    </TextEquiv>
                </Word>
                <Word id="r_10_tl_1_w5" custom="readingOrder {index:4;}">
                    <Coords points="1763,346 1763,406 1822,406 1822,346"/>
                    <TextEquiv>
                        <Unicode>das</Unicode>
                    </TextEquiv>
                </Word>
                <Word id="r_10_tl_1_w6" custom="readingOrder {index:5;}">
                    <Coords points="1847,345 1847,405 2063,405 2063,345"/>
                    <TextEquiv>
                        <Unicode>Vermögen,</Unicode>
                    </TextEquiv>
                </Word>
                <Word id="r_10_tl_1_w7" custom="readingOrder {index:6;}">
                    <Coords points="2100,348 2100,408 2147,408 2147,348"/>
                    <TextEquiv>
                        <Unicode>die</Unicode>
                    </TextEquiv>
                </Word>
                <Word id="r_10_tl_1_w8" custom="readingOrder {index:7;}">
                    <Coords points="2184,348 2184,408 2286,408 2286,348"/>
                    <TextEquiv>
                        <Unicode>Talen</Unicode>
                    </TextEquiv>
                </Word>
                <TextEquiv>
                    <Unicode>Keine von beyden hat das Vermögen, die Talen</Unicode>
                </TextEquiv>
            </TextLine>
            <TextLine id="r_10_tl_2" custom="readingOrder {index:1;}">
                <Coords points="1266,441 1840,472 1915,439 2312,446 2310,405 2182,392 2102,418 1266,397"/>
                <Baseline points="1280,429 1325,429 1370,429 1415,429 1459,429 1504,429 1549,429 1594,432 1639,432 1683,438 1728,438 1773,438 1818,438 1862,435 1907,435 1952,435 1997,435 2042,435 2086,438 2131,435 2176,435 2221,435 2266,438 2310,438 2319,441"/>
                <Word id="r_10_tl_2_w1" custom="readingOrder {index:0;}">
                    <Coords points="1273,389 1273,449 1324,449 1324,389"/>
                    <TextEquiv>
                        <Unicode>te,</Unicode>
                    </TextEquiv>
                </Word>
                <Word id="r_10_tl_2_w2" custom="readingOrder {index:1;}">
                    <Coords points="1348,389 1348,449 1463,449 1463,389"/>
                    <TextEquiv>
                        <Unicode>welche</Unicode>
                    </TextEquiv>
                </Word>
                <Word id="r_10_tl_2_w3" custom="readingOrder {index:2;}">
                    <Coords points="1510,389 1510,449 1567,449 1567,389"/>
                    <TextEquiv>
                        <Unicode>auf</Unicode>
                    </TextEquiv>
                </Word>
                <Word id="r_10_tl_2_w4" custom="readingOrder {index:3;}">
                    <Coords points="1615,398 1615,458 1886,458 1886,398"/>
                    <TextEquiv>
                        <Unicode>Empfindungen</Unicode>
                    </TextEquiv>
                </Word>
                <Word id="r_10_tl_2_w5" custom="readingOrder {index:4;}">
                    <Coords points="1938,395 1938,455 2083,455 2083,395"/>
                    <TextEquiv>
                        <Unicode>wirken,</Unicode>
                    </TextEquiv>
                </Word>
                <Word id="r_10_tl_2_w6" custom="readingOrder {index:5;}">
                    <Coords points="2124,395 2124,455 2199,455 2199,395"/>
                    <TextEquiv>
                        <Unicode>oder</Unicode>
                    </TextEquiv>
                </Word>
                <Word id="r_10_tl_2_w7" custom="readingOrder {index:6;}">
                    <Coords points="2240,398 2240,458 2297,458 2297,398"/>
                    <TextEquiv>
                        <Unicode>den</Unicode>
                    </TextEquiv>
                </Word>
                <TextEquiv>
                    <Unicode>te, welche auf Empfindungen wirken, oder den</Unicode>
                </TextEquiv>
            </TextLine>
            <TextLine id="r_10_tl_3" custom="readingOrder {index:2;}">
                <Coords points="1269,498 2310,503 2291,444 1269,441"/>
                <Baseline points="1284,473 1331,474 1376,477 1421,477 1465,477 1510,477 1555,477 1600,477 1645,480 1689,483 1734,486 1779,486 1824,486 1868,486 1913,483 1958,483 2003,486 2048,486 2092,483 2137,483 2182,486 2227,486 2271,486 2316,486"/>
                <Word id="r_10_tl_3_w1" custom="readingOrder {index:0;}">
                    <Coords points="1275,435 1275,495 1441,495 1441,435"/>
                    <TextEquiv>
                        <Unicode>Verstand</Unicode>
                    </TextEquiv>
                </Word>
                <Word id="r_10_tl_3_w2" custom="readingOrder {index:1;}">
                    <Coords points="1481,437 1481,497 1741,497 1741,437"/>
                    <TextEquiv>
                        <Unicode>unterweisen,</Unicode>
                    </TextEquiv>
                </Word>
                <Word id="r_10_tl_3_w3" custom="readingOrder {index:2;}">
                    <Coords points="1774,446 1774,506 1808,506 1808,446"/>
                    <TextEquiv>
                        <Unicode>zu</Unicode>
                    </TextEquiv>
                </Word>
                <Word id="r_10_tl_3_w4" custom="readingOrder {index:3;}">
                    <Coords points="1858,443 1858,503 1985,503 1985,443"/>
                    <TextEquiv>
                        <Unicode>beleben</Unicode>
                    </TextEquiv>
                </Word>
                <Word id="r_10_tl_3_w5" custom="readingOrder {index:4;}">
                    <Coords points="2036,444 2036,504 2096,504 2096,444"/>
                    <TextEquiv>
                        <Unicode>und</Unicode>
                    </TextEquiv>
                </Word>
                <Word id="r_10_tl_3_w6" custom="readingOrder {index:5;}">
                    <Coords points="2147,446 2147,506 2313,506 2313,446"/>
                    <TextEquiv>
                        <Unicode>auszurü¬</Unicode>
                    </TextEquiv>
                </Word>
                <TextEquiv>
                    <Unicode>Verstand unterweisen, zu beleben und auszurü¬</Unicode>
                </TextEquiv>
            </TextLine>
            <TextLine id="r_10_tl_4" custom="readingOrder {index:3;}">
                <Coords points="1277,548 2312,553 2312,503 2263,493 1277,493"/>
                <Baseline points="1292,528 1337,531 1382,528 1427,528 1471,528 1516,528 1561,528 1606,528 1650,531 1695,534 1740,534 1785,534 1830,537 1874,537 1919,537 1964,537 2009,534 2054,537 2098,534 2143,534 2188,534 2233,534 2277,537 2316,537"/>
                <Word id="r_10_tl_4_w1" custom="readingOrder {index:0;}">
                    <Coords points="1278,490 1278,550 1373,550 1373,490"/>
                    <TextEquiv>
                        <Unicode>sten,</Unicode>
                    </TextEquiv>
                </Word>
                <Word id="r_10_tl_4_w2" custom="readingOrder {index:1;}">
                    <Coords points="1396,488 1396,548 1531,548 1531,488"/>
                    <TextEquiv>
                        <Unicode>sondern</Unicode>
                    </TextEquiv>
                </Word>
                <Word id="r_10_tl_4_w3" custom="readingOrder {index:2;}">
                    <Coords points="1566,488 1566,548 1604,548 1604,488"/>
                    <TextEquiv>
                        <Unicode>sie</Unicode>
                    </TextEquiv>
                </Word>
                <Word id="r_10_tl_4_w4" custom="readingOrder {index:3;}">
                    <Coords points="1628,492 1628,552 1728,552 1728,492"/>
                    <TextEquiv>
                        <Unicode>lehren</Unicode>
                    </TextEquiv>
                </Word>
                <Word id="r_10_tl_4_w5" custom="readingOrder {index:4;}">
                    <Coords points="1769,496 1769,556 1869,556 1869,496"/>
                    <TextEquiv>
                        <Unicode>beyde</Unicode>
                    </TextEquiv>
                </Word>
                <Word id="r_10_tl_4_w6" custom="readingOrder {index:5;}">
                    <Coords points="1898,497 1898,557 1982,557 1982,497"/>
                    <TextEquiv>
                        <Unicode>nur,</Unicode>
                    </TextEquiv>
                </Word>
                <Word id="r_10_tl_4_w7" custom="readingOrder {index:6;}">
                    <Coords points="2011,496 2011,556 2089,556 2089,496"/>
                    <TextEquiv>
                        <Unicode>über</Unicode>
                    </TextEquiv>
                </Word>
                <Word id="r_10_tl_4_w8" custom="readingOrder {index:7;}">
                    <Coords points="2113,494 2113,554 2168,554 2168,494"/>
                    <TextEquiv>
                        <Unicode>das</Unicode>
                    </TextEquiv>
                </Word>
                <Word id="r_10_tl_4_w9" custom="readingOrder {index:8;}">
                    <Coords points="2197,495 2197,555 2304,555 2304,495"/>
                    <TextEquiv>
                        <Unicode>schöne</Unicode>
                    </TextEquiv>
                </Word>
                <TextEquiv>
                    <Unicode>sten, sondern sie lehren beyde nur, über das schöne</Unicode>
                </TextEquiv>
            </TextLine>
            <TextLine id="r_10_tl_5" custom="readingOrder {index:4;}">
                <Coords points="1264,586 2312,594 2312,553 2263,542 1264,545"/>
                <Baseline points="1277,576 1322,576 1367,576 1412,579 1456,576 1501,579 1546,579 1591,576 1636,573 1680,576 1725,582 1770,585 1815,585 1859,585 1904,588 1949,588 1994,585 2039,585 2083,582 2128,585 2173,585 2218,588 2263,585 2307,585 2319,585"/>
                <Word id="r_10_tl_5_w1" custom="readingOrder {index:0;}">
                    <Coords points="1276,536 1276,596 1358,596 1358,536"/>
                    <TextEquiv>
                        <Unicode>oder</Unicode>
                    </TextEquiv>
                </Word>
                <Word id="r_10_tl_5_w2" custom="readingOrder {index:1;}">
                    <Coords points="1381,538 1381,598 1606,598 1606,538"/>
                    <TextEquiv>
                        <Unicode>scharffinnige</Unicode>
                    </TextEquiv>
                </Word>
                <Word id="r_10_tl_5_w3" custom="readingOrder {index:2;}">
                    <Coords points="1641,543 1641,603 1861,603 1861,543"/>
                    <TextEquiv>
                        <Unicode>Verfahren,</Unicode>
                    </TextEquiv>
                </Word>
                <Word id="r_10_tl_5_w4" custom="readingOrder {index:3;}">
                    <Coords points="1889,548 1889,608 1978,608 1978,548"/>
                    <TextEquiv>
                        <Unicode>wenn</Unicode>
                    </TextEquiv>
                </Word>
                <Word id="r_10_tl_5_w5" custom="readingOrder {index:4;}">
                    <Coords points="2017,545 2017,605 2044,605 2044,545"/>
                    <TextEquiv>
                        <Unicode>es</Unicode>
                    </TextEquiv>
                </Word>
                <Word id="r_10_tl_5_w6" custom="readingOrder {index:5;}">
                    <Coords points="2078,544 2078,604 2160,604 2160,544"/>
                    <TextEquiv>
                        <Unicode>schon</Unicode>
                    </TextEquiv>
                </Word>
                <Word id="r_10_tl_5_w7" custom="readingOrder {index:6;}">
                    <Coords points="2188,545 2188,605 2309,605 2309,545"/>
                    <TextEquiv>
                        <Unicode>ausge¬</Unicode>
                    </TextEquiv>
                </Word>
                <TextEquiv>
                    <Unicode>oder scharffinnige Verfahren, wenn es schon ausge¬</Unicode>
                </TextEquiv>
            </TextLine>
            <TextLine id="r_10_tl_6" custom="readingOrder {index:5;}">
                <Coords points="1269,644 2312,646 2297,594 1269,584"/>
                <Baseline points="1283,626 1328,626 1373,626 1418,626 1462,626 1507,623 1552,623 1597,626 1642,626 1686,629 1731,629 1776,632 1821,632 1865,635 1910,632 1955,635 2000,635 2045,635 2089,635 2134,635 2179,635 2224,632 2269,632 2313,632 2319,629"/>
                <Word id="r_10_tl_6_w1" custom="readingOrder {index:0;}">
                    <Coords points="1281,586 1281,646 1341,646 1341,586"/>
                    <TextEquiv>
                        <Unicode>übt</Unicode>
                    </TextEquiv>
                </Word>
                <Word id="r_10_tl_6_w2" custom="readingOrder {index:1;}">
                    <Coords points="1358,586 1358,646 1413,646 1413,586"/>
                    <TextEquiv>
                        <Unicode>ist,</Unicode>
                    </TextEquiv>
                </Word>
                <Word id="r_10_tl_6_w3" custom="readingOrder {index:2;}">
                    <Coords points="1441,586 1441,646 1468,646 1468,586"/>
                    <TextEquiv>
                        <Unicode>zu</Unicode>
                    </TextEquiv>
                </Word>
                <Word id="r_10_tl_6_w4" custom="readingOrder {index:3;}">
                    <Coords points="1496,586 1496,646 1728,646 1728,586"/>
                    <TextEquiv>
                        <Unicode>vernünfteln.</Unicode>
                    </TextEquiv>
                </Word>
                <Word id="r_10_tl_6_w5" custom="readingOrder {index:4;}">
                    <Coords points="1779,593 1779,653 1905,653 1905,593"/>
                    <TextEquiv>
                        <Unicode>Daher</Unicode>
                    </TextEquiv>
                </Word>
                <Word id="r_10_tl_6_w6" custom="readingOrder {index:5;}">
                    <Coords points="1933,594 1933,654 1972,654 1972,594"/>
                    <TextEquiv>
                        <Unicode>ein</Unicode>
                    </TextEquiv>
                </Word>
                <Word id="r_10_tl_6_w7" custom="readingOrder {index:6;}">
                    <Coords points="2000,595 2000,655 2121,655 2121,595"/>
                    <TextEquiv>
                        <Unicode>Homer</Unicode>
                    </TextEquiv>
                </Word>
                <Word id="r_10_tl_6_w8" custom="readingOrder {index:7;}">
                    <Coords points="2144,595 2144,655 2199,655 2199,595"/>
                    <TextEquiv>
                        <Unicode>und</Unicode>
                    </TextEquiv>
                </Word>
                <Word id="r_10_tl_6_w9" custom="readingOrder {index:8;}">
                    <Coords points="2221,592 2221,652 2309,652 2309,592"/>
                    <TextEquiv>
                        <Unicode>Phi¬</Unicode>
                    </TextEquiv>
                </Word>
                <TextEquiv>
                    <Unicode>übt ist, zu vernünfteln. Daher ein Homer und Phi¬</Unicode>
                </TextEquiv>
            </TextLine>
            <TextLine id="r_10_tl_7" custom="readingOrder {index:6;}">
                <Coords points="1269,685 2312,703 2312,654 2211,641 1269,644"/>
                <Baseline points="1283,677 1328,680 1373,677 1418,677 1462,674 1507,674 1552,677 1597,677 1642,677 1686,677 1731,677 1776,677 1821,680 1865,683 1910,683 1955,686 2000,686 2045,686 2089,686 2134,686 2179,686 2224,683 2269,683 2313,686 2319,686"/>
                <Word id="r_10_tl_7_w1" custom="readingOrder {index:0;}">
                    <Coords points="1274,639 1274,699 1375,699 1375,639"/>
                    <TextEquiv>
                        <Unicode>dias,</Unicode>
                    </TextEquiv>
                </Word>
                <Word id="r_10_tl_7_w2" custom="readingOrder {index:1;}">
                    <Coords points="1402,635 1402,695 1476,695 1476,635"/>
                    <TextEquiv>
                        <Unicode>oder</Unicode>
                    </TextEquiv>
                </Word>
                <Word id="r_10_tl_7_w3" custom="readingOrder {index:2;}">
                    <Coords points="1514,635 1514,695 1557,695 1557,635"/>
                    <TextEquiv>
                        <Unicode>ein</Unicode>
                    </TextEquiv>
                </Word>
                <Word id="r_10_tl_7_w4" custom="readingOrder {index:3;}">
                    <Coords points="1595,637 1595,697 1695,697 1695,637"/>
                    <TextEquiv>
                        <Unicode>Plato</Unicode>
                    </TextEquiv>
                </Word>
                <Word id="r_10_tl_7_w5" custom="readingOrder {index:4;}">
                    <Coords points="1739,637 1739,697 1803,697 1803,637"/>
                    <TextEquiv>
                        <Unicode>und</Unicode>
                    </TextEquiv>
                </Word>
                <Word id="r_10_tl_7_w6" custom="readingOrder {index:5;}">
                    <Coords points="1835,645 1835,705 2048,705 2048,645"/>
                    <TextEquiv>
                        <Unicode>Archimedes</Unicode>
                    </TextEquiv>
                </Word>
                <Word id="r_10_tl_7_w7" custom="readingOrder {index:6;}">
                    <Coords points="2081,646 2081,706 2160,706 2160,646"/>
                    <TextEquiv>
                        <Unicode>allen</Unicode>
                    </TextEquiv>
                </Word>
                <Word id="r_10_tl_7_w8" custom="readingOrder {index:7;}">
                    <Coords points="2198,643 2198,703 2299,703 2299,643"/>
                    <TextEquiv>
                        <Unicode>diesen</Unicode>
                    </TextEquiv>
                </Word>
                <TextEquiv>
                    <Unicode>dias, oder ein Plato und Archimedes allen diesen</Unicode>
                </TextEquiv>
            </TextLine>
            <TextLine id="r_10_tl_8" custom="readingOrder {index:7;}">
                <Coords points="1269,745 2310,742 2310,693 2268,690 1269,688"/>
                <Baseline points="1283,725 1328,728 1373,725 1418,725 1462,725 1507,725 1552,728 1597,728 1642,728 1686,728 1731,728 1776,728 1821,728 1865,728 1910,731 1955,731 2000,734 2045,734 2089,734 2134,737 2179,734 2224,734 2269,734 2313,734 2316,734"/>
                <Word id="r_10_tl_8_w1" custom="readingOrder {index:0;}">
                    <Coords points="1275,685 1275,745 1448,745 1448,685"/>
                    <TextEquiv>
                        <Unicode>Critickern</Unicode>
                    </TextEquiv>
                </Word>
                <Word id="r_10_tl_8_w2" custom="readingOrder {index:1;}">
                    <Coords points="1476,688 1476,748 1644,748 1644,688"/>
                    <TextEquiv>
                        <Unicode>dasjenige</Unicode>
                    </TextEquiv>
                </Word>
                <Word id="r_10_tl_8_w3" custom="readingOrder {index:2;}">
                    <Coords points="1666,688 1666,748 1791,748 1791,688"/>
                    <TextEquiv>
                        <Unicode>zurufen</Unicode>
                    </TextEquiv>
                </Word>
                <Word id="r_10_tl_8_w4" custom="readingOrder {index:3;}">
                    <Coords points="1819,688 1819,748 1932,748 1932,688"/>
                    <TextEquiv>
                        <Unicode>könne,</Unicode>
                    </TextEquiv>
                </Word>
                <Word id="r_10_tl_8_w5" custom="readingOrder {index:4;}">
                    <Coords points="1944,694 1944,754 2084,754 2084,694"/>
                    <TextEquiv>
                        <Unicode>wodurch</Unicode>
                    </TextEquiv>
                </Word>
                <Word id="r_10_tl_8_w6" custom="readingOrder {index:5;}">
                    <Coords points="2107,696 2107,756 2188,756 2188,696"/>
                    <TextEquiv>
                        <Unicode>jener</Unicode>
                    </TextEquiv>
                </Word>
                <Word id="r_10_tl_8_w7" custom="readingOrder {index:6;}">
                    <Coords points="2210,694 2210,754 2307,754 2307,694"/>
                    <TextEquiv>
                        <Unicode>Athe¬</Unicode>
                    </TextEquiv>
                </Word>
                <TextEquiv>
                    <Unicode>Critickern dasjenige zurufen könne, wodurch jener Athe¬</Unicode>
                </TextEquiv>
            </TextLine>
            <TextLine id="r_10_tl_9" custom="readingOrder {index:8;}">
                <Coords points="1272,789 2310,797 2294,742 1272,742"/>
                <Baseline points="1286,779 1331,779 1376,779 1421,779 1465,779 1510,776 1555,779 1600,779 1645,779 1689,779 1734,779 1779,779 1824,779 1868,779 1913,779 1958,779 2003,782 2048,785 2092,785 2137,788 2182,785 2227,785 2271,782 2316,785 2319,782"/>
                <Word id="r_10_tl_9_w1" custom="readingOrder {index:0;}">
                    <Coords points="1278,739 1278,799 1450,799 1450,739"/>
                    <TextEquiv>
                        <Unicode>niensische</Unicode>
                    </TextEquiv>
                </Word>
                <Word id="r_10_tl_9_w2" custom="readingOrder {index:1;}">
                    <Coords points="1479,739 1479,799 1695,799 1695,739"/>
                    <TextEquiv>
                        <Unicode>Baumeister</Unicode>
                    </TextEquiv>
                </Word>
                <Word id="r_10_tl_9_w3" custom="readingOrder {index:2;}">
                    <Coords points="1723,739 1723,799 1803,799 1803,739"/>
                    <TextEquiv>
                        <Unicode>einen</Unicode>
                    </TextEquiv>
                </Word>
                <Word id="r_10_tl_9_w4" custom="readingOrder {index:3;}">
                    <Coords points="1836,739 1836,799 1977,799 1977,739"/>
                    <TextEquiv>
                        <Unicode>beredten</Unicode>
                    </TextEquiv>
                </Word>
                <Word id="r_10_tl_9_w5" custom="readingOrder {index:4;}">
                    <Coords points="2010,746 2010,806 2232,806 2232,746"/>
                    <TextEquiv>
                        <Unicode>Kunstrichter</Unicode>
                    </TextEquiv>
                </Word>
                <Word id="r_10_tl_9_w6" custom="readingOrder {index:5;}">
                    <Coords points="2259,743 2259,803 2313,803 2313,743"/>
                    <TextEquiv>
                        <Unicode>sei¬</Unicode>
                    </TextEquiv>
                </Word>
                <TextEquiv>
                    <Unicode>niensische Baumeister einen beredten Kunstrichter sei¬</Unicode>
                </TextEquiv>
            </TextLine>
            <TextLine id="r_10_tl_10" custom="readingOrder {index:9;}">
                <Coords points="1269,838 2312,846 2281,791 1269,791"/>
                <Baseline points="1283,826 1328,826 1373,829 1418,829 1462,826 1507,826 1552,829 1597,829 1642,829 1686,829 1731,829 1776,829 1821,826 1865,824 1910,826 1955,821 2000,829 2045,829 2089,832 2134,832 2179,835 2224,835 2269,832 2313,832 2319,835"/>
                <Word id="r_10_tl_10_w1" custom="readingOrder {index:0;}">
                    <Coords points="1274,786 1274,846 1330,846 1330,786"/>
                    <TextEquiv>
                        <Unicode>nes</Unicode>
                    </TextEquiv>
                </Word>
                <Word id="r_10_tl_10_w2" custom="readingOrder {index:1;}">
                    <Coords points="1362,786 1362,846 1569,846 1569,786"/>
                    <TextEquiv>
                        <Unicode>Handwerks</Unicode>
                    </TextEquiv>
                </Word>
                <Word id="r_10_tl_10_w3" custom="readingOrder {index:2;}">
                    <Coords points="1596,789 1596,849 1745,849 1745,789"/>
                    <TextEquiv>
                        <Unicode>erröthen</Unicode>
                    </TextEquiv>
                </Word>
                <Word id="r_10_tl_10_w4" custom="readingOrder {index:3;}">
                    <Coords points="1772,785 1772,845 1890,845 1890,785"/>
                    <TextEquiv>
                        <Unicode>machte</Unicode>
                    </TextEquiv>
                </Word>
                <Word id="r_10_tl_10_w5" custom="readingOrder {index:4;}">
                    <Coords points="1912,784 1912,844 1927,844 1927,784"/>
                    <TextEquiv>
                        <Unicode>:</Unicode>
                    </TextEquiv>
                </Word>
                <Word id="r_10_tl_10_w6" custom="readingOrder {index:5;}">
                    <Coords points="1948,781 1948,841 1963,841 1963,781"/>
                    <TextEquiv>
                        <Unicode>”</Unicode>
                    </TextEquiv>
                </Word>
                <Word id="r_10_tl_10_w7" custom="readingOrder {index:6;}">
                    <Coords points="2000,789 2000,849 2072,849 2072,789"/>
                    <TextEquiv>
                        <Unicode>alles</Unicode>
                    </TextEquiv>
                </Word>
                <Word id="r_10_tl_10_w8" custom="readingOrder {index:7;}">
                    <Coords points="2104,793 2104,853 2217,853 2217,793"/>
                    <TextEquiv>
                        <Unicode>wovon</Unicode>
                    </TextEquiv>
                </Word>
                <Word id="r_10_tl_10_w9" custom="readingOrder {index:8;}">
                    <Coords points="2244,792 2244,852 2310,852 2310,792"/>
                    <TextEquiv>
                        <Unicode>die¬</Unicode>
                    </TextEquiv>
                </Word>
                <TextEquiv>
                    <Unicode>nes Handwerks erröthen machte : ” alles wovon die¬</Unicode>
                </TextEquiv>
            </TextLine>
            <TextLine id="r_10_tl_11" custom="readingOrder {index:10;}">
                <Coords points="1272,877 2307,890 2289,841 1272,838"/>
                <Baseline points="1286,862 1331,871 1376,874 1421,877 1465,877 1510,880 1555,880 1600,880 1645,880 1689,880 1734,880 1779,880 1824,880 1868,877 1913,877 1958,877 2003,874 2048,877 2092,880 2137,880 2182,883 2227,883 2271,883 2310,886"/>
                <Word id="r_10_tl_11_w1" custom="readingOrder {index:0;}">
                    <Coords points="1278,827 1278,887 1351,887 1351,827"/>
                    <TextEquiv>
                        <Unicode>„ser</Unicode>
                    </TextEquiv>
                </Word>
                <Word id="r_10_tl_11_w2" custom="readingOrder {index:1;}">
                    <Coords points="1380,837 1380,897 1573,897 1573,837"/>
                    <TextEquiv>
                        <Unicode>Schwätzer</Unicode>
                    </TextEquiv>
                </Word>
                <Word id="r_10_tl_11_w3" custom="readingOrder {index:2;}">
                    <Coords points="1602,840 1602,900 1782,900 1782,840"/>
                    <TextEquiv>
                        <Unicode>geredet</Unicode>
                    </TextEquiv>
                </Word>
                <Word id="r_10_tl_11_w4" custom="readingOrder {index:3;}">
                    <Coords points="1806,838 1806,898 1890,898 1890,838"/>
                    <TextEquiv>
                        <Unicode>hat,</Unicode>
                    </TextEquiv>
                </Word>
                <Word id="r_10_tl_11_w5" custom="readingOrder {index:4;}">
                    <Coords points="1914,837 1914,897 1969,897 1969,837"/>
                    <TextEquiv>
                        <Unicode>das</Unicode>
                    </TextEquiv>
                </Word>
                <Word id="r_10_tl_11_w6" custom="readingOrder {index:5;}">
                    <Coords points="1998,835 1998,895 2049,895 2049,835"/>
                    <TextEquiv>
                        <Unicode>kan</Unicode>
                    </TextEquiv>
                </Word>
                <Word id="r_10_tl_11_w7" custom="readingOrder {index:6;}">
                    <Coords points="2078,840 2078,900 2117,900 2117,840"/>
                    <TextEquiv>
                        <Unicode>ich</Unicode>
                    </TextEquiv>
                </Word>
                <Word id="r_10_tl_11_w8" custom="readingOrder {index:7;}">
                    <Coords points="2146,843 2146,903 2309,903 2309,843"/>
                    <TextEquiv>
                        <Unicode>thun".</Unicode>
                    </TextEquiv>
                </Word>
                <TextEquiv>
                    <Unicode>„ser Schwätzer geredet hat, das kan ich thun".</Unicode>
                </TextEquiv>
            </TextLine>
            <TextLine id="r_10_tl_12" custom="readingOrder {index:11;}">
                <Coords points="1272,942 2310,942 2310,900 2271,895 1272,877"/>
                <Baseline points="1286,925 1331,922 1376,925 1421,928 1465,928 1510,931 1555,931 1600,931 1645,931 1689,931 1734,931 1779,928 1824,931 1868,928 1913,928 1958,928 2003,925 2048,928 2092,928 2137,928 2182,931 2227,934 2271,934 2316,934 2319,931"/>
                <Word id="r_10_tl_12_w1" custom="readingOrder {index:0;}">
                    <Coords points="1278,882 1278,942 1374,942 1374,882"/>
                    <TextEquiv>
                        <Unicode>Herr</Unicode>
                    </TextEquiv>
                </Word>
                <Word id="r_10_tl_12_w2" custom="readingOrder {index:1;}">
                    <Coords points="1403,888 1403,948 1509,948 1509,888"/>
                    <TextEquiv>
                        <Unicode>Home</Unicode>
                    </TextEquiv>
                </Word>
                <Word id="r_10_tl_12_w3" custom="readingOrder {index:2;}">
                    <Coords points="1544,891 1544,951 1600,951 1600,891"/>
                    <TextEquiv>
                        <Unicode>hat</Unicode>
                    </TextEquiv>
                </Word>
                <Word id="r_10_tl_12_w4" custom="readingOrder {index:3;}">
                    <Coords points="1629,891 1629,951 1656,951 1656,891"/>
                    <TextEquiv>
                        <Unicode>in</Unicode>
                    </TextEquiv>
                </Word>
                <Word id="r_10_tl_12_w5" custom="readingOrder {index:4;}">
                    <Coords points="1691,890 1691,950 1786,950 1786,890"/>
                    <TextEquiv>
                        <Unicode>diesem</Unicode>
                    </TextEquiv>
                </Word>
                <Word id="r_10_tl_12_w6" custom="readingOrder {index:5;}">
                    <Coords points="1839,888 1839,948 1973,948 1973,888"/>
                    <TextEquiv>
                        <Unicode>zweyten</Unicode>
                    </TextEquiv>
                </Word>
                <Word id="r_10_tl_12_w7" custom="readingOrder {index:6;}">
                    <Coords points="2014,888 2014,948 2132,948 2132,888"/>
                    <TextEquiv>
                        <Unicode>Theile</Unicode>
                    </TextEquiv>
                </Word>
                <Word id="r_10_tl_12_w8" custom="readingOrder {index:7;}">
                    <Coords points="2161,890 2161,950 2188,950 2188,890"/>
                    <TextEquiv>
                        <Unicode>in</Unicode>
                    </TextEquiv>
                </Word>
                <Word id="r_10_tl_12_w9" custom="readingOrder {index:8;}">
                    <Coords points="2217,894 2217,954 2295,954 2295,894"/>
                    <TextEquiv>
                        <Unicode>neun</Unicode>
                    </TextEquiv>
                </Word>
                <TextEquiv>
                    <Unicode>Herr Home hat in diesem zweyten Theile in neun</Unicode>
                </TextEquiv>
            </TextLine>
            <TextLine id="r_10_tl_13" custom="readingOrder {index:12;}">
                <Coords points="1285,986 2312,996 2284,942 1285,937"/>
                <Baseline points="1298,976 1343,976 1388,976 1433,979 1477,979 1522,982 1567,979 1612,979 1656,979 1701,979 1746,979 1791,979 1836,979 1880,982 1925,979 1970,979 2015,979 2060,979 2104,976 2149,976 2194,979 2239,982 2283,982 2319,985"/>
                <Word id="r_10_tl_13_w1" custom="readingOrder {index:0;}">
                    <Coords points="1292,936 1292,996 1441,996 1441,936"/>
                    <TextEquiv>
                        <Unicode>Capiteln</Unicode>
                    </TextEquiv>
                </Word>
                <Word id="r_10_tl_13_w2" custom="readingOrder {index:1;}">
                    <Coords points="1470,939 1470,999 1672,999 1672,939"/>
                    <TextEquiv>
                        <Unicode>gehandelt:</Unicode>
                    </TextEquiv>
                </Word>
                <Word id="r_10_tl_13_w3" custom="readingOrder {index:2;}">
                    <Coords points="1703,939 1703,999 1777,999 1777,939"/>
                    <TextEquiv>
                        <Unicode>Von</Unicode>
                    </TextEquiv>
                </Word>
                <Word id="r_10_tl_13_w4" custom="readingOrder {index:3;}">
                    <Coords points="1812,939 1812,999 1863,999 1863,939"/>
                    <TextEquiv>
                        <Unicode>dem</Unicode>
                    </TextEquiv>
                </Word>
                <Word id="r_10_tl_13_w5" custom="readingOrder {index:4;}">
                    <Coords points="1905,939 1905,999 2124,999 2124,939"/>
                    <TextEquiv>
                        <Unicode>Schicklichen</Unicode>
                    </TextEquiv>
                </Word>
                <Word id="r_10_tl_13_w6" custom="readingOrder {index:5;}">
                    <Coords points="2159,938 2159,998 2222,998 2222,938"/>
                    <TextEquiv>
                        <Unicode>und</Unicode>
                    </TextEquiv>
                </Word>
                <Word id="r_10_tl_13_w7" custom="readingOrder {index:6;}">
                    <Coords points="2246,942 2246,1002 2309,1002 2309,942"/>
                    <TextEquiv>
                        <Unicode>An¬</Unicode>
                    </TextEquiv>
                </Word>
                <TextEquiv>
                    <Unicode>Capiteln gehandelt: Von dem Schicklichen und An¬</Unicode>
                </TextEquiv>
            </TextLine>
            <TextLine id="r_10_tl_14" custom="readingOrder {index:13;}">
                <Coords points="1282,1046 2310,1046 2310,991 2141,978 1282,989"/>
                <Baseline points="1295,1030 1340,1024 1385,1024 1430,1027 1474,1027 1519,1030 1564,1030 1609,1030 1653,1030 1698,1027 1743,1030 1788,1030 1833,1030 1877,1030 1922,1030 1967,1030 2012,1030 2057,1027 2101,1027 2146,1027 2191,1027 2236,1030 2280,1032 2316,1035"/>
                <Word id="r_10_tl_14_w1" custom="readingOrder {index:0;}">
                    <Coords points="1282,984 1282,1044 1476,1044 1476,984"/>
                    <TextEquiv>
                        <Unicode>ständigen,</Unicode>
                    </TextEquiv>
                </Word>
                <Word id="r_10_tl_14_w2" custom="readingOrder {index:1;}">
                    <Coords points="1504,990 1504,1050 1557,1050 1557,990"/>
                    <TextEquiv>
                        <Unicode>von</Unicode>
                    </TextEquiv>
                </Word>
                <Word id="r_10_tl_14_w3" custom="readingOrder {index:2;}">
                    <Coords points="1590,990 1590,1050 1644,1050 1644,990"/>
                    <TextEquiv>
                        <Unicode>der</Unicode>
                    </TextEquiv>
                </Word>
                <Word id="r_10_tl_14_w4" custom="readingOrder {index:3;}">
                    <Coords points="1660,988 1660,1048 1784,1048 1784,988"/>
                    <TextEquiv>
                        <Unicode>Würde</Unicode>
                    </TextEquiv>
                </Word>
                <Word id="r_10_tl_14_w5" custom="readingOrder {index:4;}">
                    <Coords points="1812,990 1812,1050 1870,1050 1870,990"/>
                    <TextEquiv>
                        <Unicode>und</Unicode>
                    </TextEquiv>
                </Word>
                <Word id="r_10_tl_14_w6" custom="readingOrder {index:5;}">
                    <Coords points="1893,990 1893,1050 1941,1050 1941,990"/>
                    <TextEquiv>
                        <Unicode>der</Unicode>
                    </TextEquiv>
                </Word>
                <Word id="r_10_tl_14_w7" custom="readingOrder {index:6;}">
                    <Coords points="1958,987 1958,1047 2308,1047 2308,987"/>
                    <TextEquiv>
                        <Unicode>Niederträchtigkeit,</Unicode>
                    </TextEquiv>
                </Word>
                <TextEquiv>
                    <Unicode>ständigen, von der Würde und der Niederträchtigkeit,</Unicode>
                </TextEquiv>
            </TextLine>
            <TextLine id="r_10_tl_15" custom="readingOrder {index:14;}">
                <Coords points="1274,1087 2312,1092 2286,1041 1274,1038"/>
                <Baseline points="1289,1074 1334,1074 1379,1074 1424,1074 1468,1077 1513,1077 1558,1077 1603,1077 1648,1077 1692,1077 1737,1077 1782,1077 1827,1077 1871,1080 1916,1080 1961,1080 2006,1080 2051,1080 2095,1074 2140,1077 2185,1077 2230,1077 2274,1080 2319,1080"/>
                <Word id="r_10_tl_15_w1" custom="readingOrder {index:0;}">
                    <Coords points="1285,1034 1285,1094 1344,1094 1344,1034"/>
                    <TextEquiv>
                        <Unicode>vom</Unicode>
                    </TextEquiv>
                </Word>
                <Word id="r_10_tl_15_w2" custom="readingOrder {index:1;}">
                    <Coords points="1388,1037 1388,1097 1749,1097 1749,1037"/>
                    <TextEquiv>
                        <Unicode>Belachenswerthen,</Unicode>
                    </TextEquiv>
                </Word>
                <Word id="r_10_tl_15_w3" custom="readingOrder {index:2;}">
                    <Coords points="1776,1037 1776,1097 1830,1097 1830,1037"/>
                    <TextEquiv>
                        <Unicode>vom</Unicode>
                    </TextEquiv>
                </Word>
                <Word id="r_10_tl_15_w4" custom="readingOrder {index:3;}">
                    <Coords points="1868,1040 1868,1100 1970,1100 1970,1040"/>
                    <TextEquiv>
                        <Unicode>Witz,</Unicode>
                    </TextEquiv>
                </Word>
                <Word id="r_10_tl_15_w5" custom="readingOrder {index:4;}">
                    <Coords points="1998,1040 1998,1100 2051,1100 2051,1040"/>
                    <TextEquiv>
                        <Unicode>von</Unicode>
                    </TextEquiv>
                </Word>
                <Word id="r_10_tl_15_w6" custom="readingOrder {index:5;}">
                    <Coords points="2079,1037 2079,1097 2305,1097 2305,1037"/>
                    <TextEquiv>
                        <Unicode>Gewohnheit</Unicode>
                    </TextEquiv>
                </Word>
                <TextEquiv>
                    <Unicode>vom Belachenswerthen, vom Witz, von Gewohnheit</Unicode>
                </TextEquiv>
            </TextLine>
            <TextLine id="r_10_tl_16" custom="readingOrder {index:15;}">
                <Coords points="1274,1137 2315,1142 2315,1092 2265,1087 1274,1098"/>
                <Baseline points="1289,1125 1334,1125 1379,1122 1424,1125 1468,1125 1513,1128 1558,1125 1603,1125 1648,1125 1692,1125 1737,1125 1782,1128 1827,1128 1871,1128 1916,1128 1961,1128 2006,1128 2051,1128 2095,1128 2140,1128 2185,1128 2230,1125 2274,1125 2319,1131 2322,1131"/>
                <Word id="r_10_tl_16_w1" custom="readingOrder {index:0;}">
                    <Coords points="1280,1085 1280,1145 1339,1145 1339,1085"/>
                    <TextEquiv>
                        <Unicode>und</Unicode>
                    </TextEquiv>
                </Word>
                <Word id="r_10_tl_16_w2" custom="readingOrder {index:1;}">
                    <Coords points="1367,1085 1367,1145 1564,1145 1564,1085"/>
                    <TextEquiv>
                        <Unicode>Fertigkeit,</Unicode>
                    </TextEquiv>
                </Word>
                <Word id="r_10_tl_16_w3" custom="readingOrder {index:2;}">
                    <Coords points="1586,1085 1586,1145 1645,1145 1645,1085"/>
                    <TextEquiv>
                        <Unicode>von</Unicode>
                    </TextEquiv>
                </Word>
                <Word id="r_10_tl_16_w4" custom="readingOrder {index:3;}">
                    <Coords points="1679,1085 1679,1145 1727,1145 1727,1085"/>
                    <TextEquiv>
                        <Unicode>den</Unicode>
                    </TextEquiv>
                </Word>
                <Word id="r_10_tl_16_w5" custom="readingOrder {index:4;}">
                    <Coords points="1761,1088 1761,1148 1962,1148 1962,1088"/>
                    <TextEquiv>
                        <Unicode>äußerlichen</Unicode>
                    </TextEquiv>
                </Word>
                <Word id="r_10_tl_16_w6" custom="readingOrder {index:5;}">
                    <Coords points="2007,1088 2007,1148 2225,1148 2225,1088"/>
                    <TextEquiv>
                        <Unicode>Kennzeichen</Unicode>
                    </TextEquiv>
                </Word>
                <Word id="r_10_tl_16_w7" custom="readingOrder {index:6;}">
                    <Coords points="2258,1086 2258,1146 2307,1146 2307,1086"/>
                    <TextEquiv>
                        <Unicode>der</Unicode>
                    </TextEquiv>
                </Word>
                <TextEquiv>
                    <Unicode>und Fertigkeit, von den äußerlichen Kennzeichen der</Unicode>
                </TextEquiv>
            </TextLine>
            <TextLine id="r_10_tl_17" custom="readingOrder {index:16;}">
                <Coords points="1282,1191 2310,1191 2310,1137 2211,1131 1282,1137"/>
                <Baseline points="1295,1173 1340,1173 1385,1173 1430,1173 1474,1176 1519,1176 1564,1176 1609,1176 1653,1173 1698,1173 1743,1173 1788,1173 1833,1176 1877,1176 1922,1173 1967,1176 2012,1179 2057,1179 2101,1179 2146,1176 2191,1173 2236,1176 2280,1176 2316,1176"/>
                <Word id="r_10_tl_17_w1" custom="readingOrder {index:0;}">
                    <Coords points="1288,1133 1288,1193 1525,1193 1525,1133"/>
                    <TextEquiv>
                        <Unicode>Bewegungen</Unicode>
                    </TextEquiv>
                </Word>
                <Word id="r_10_tl_17_w2" custom="readingOrder {index:1;}">
                    <Coords points="1558,1136 1558,1196 1616,1196 1616,1136"/>
                    <TextEquiv>
                        <Unicode>und</Unicode>
                    </TextEquiv>
                </Word>
                <Word id="r_10_tl_17_w3" custom="readingOrder {index:2;}">
                    <Coords points="1644,1133 1644,1193 1697,1193 1697,1133"/>
                    <TextEquiv>
                        <Unicode>der</Unicode>
                    </TextEquiv>
                </Word>
                <Word id="r_10_tl_17_w4" custom="readingOrder {index:3;}">
                    <Coords points="1720,1136 1720,1196 2005,1196 2005,1136"/>
                    <TextEquiv>
                        <Unicode>Leidenschaften,</Unicode>
                    </TextEquiv>
                </Word>
                <Word id="r_10_tl_17_w5" custom="readingOrder {index:4;}">
                    <Coords points="2022,1139 2022,1199 2075,1199 2075,1139"/>
                    <TextEquiv>
                        <Unicode>von</Unicode>
                    </TextEquiv>
                </Word>
                <Word id="r_10_tl_17_w6" custom="readingOrder {index:5;}">
                    <Coords points="2108,1136 2108,1196 2162,1196 2162,1136"/>
                    <TextEquiv>
                        <Unicode>den</Unicode>
                    </TextEquiv>
                </Word>
                <Word id="r_10_tl_17_w7" custom="readingOrder {index:6;}">
                    <Coords points="2189,1136 2189,1196 2307,1196 2307,1136"/>
                    <TextEquiv>
                        <Unicode>Gesin=</Unicode>
                    </TextEquiv>
                </Word>
                <TextEquiv>
                    <Unicode>Bewegungen und der Leidenschaften, von den Gesin=</Unicode>
                </TextEquiv>
            </TextLine>
            <TextLine id="r_10_tl_18" custom="readingOrder {index:17;}">
                <Coords points="1282,1240 2312,1235 2312,1191 2190,1183 1282,1191"/>
                <Baseline points="1295,1224 1340,1224 1385,1224 1430,1224 1474,1224 1519,1224 1564,1224 1609,1224 1653,1221 1698,1221 1743,1221 1788,1221 1833,1224 1877,1224 1922,1224 1967,1224 2012,1224 2057,1227 2101,1227 2146,1227 2191,1227 2236,1227 2280,1227 2319,1224"/>
                <Word id="r_10_tl_18_w1" custom="readingOrder {index:0;}">
                    <Coords points="1288,1184 1288,1244 1444,1244 1444,1184"/>
                    <TextEquiv>
                        <Unicode>nungen,</Unicode>
                    </TextEquiv>
                </Word>
                <Word id="r_10_tl_18_w2" custom="readingOrder {index:1;}">
                    <Coords points="1466,1184 1466,1244 1525,1244 1525,1184"/>
                    <TextEquiv>
                        <Unicode>von</Unicode>
                    </TextEquiv>
                </Word>
                <Word id="r_10_tl_18_w3" custom="readingOrder {index:2;}">
                    <Coords points="1552,1184 1552,1244 1606,1244 1606,1184"/>
                    <TextEquiv>
                        <Unicode>der</Unicode>
                    </TextEquiv>
                </Word>
                <Word id="r_10_tl_18_w4" custom="readingOrder {index:3;}">
                    <Coords points="1629,1181 1629,1241 1785,1241 1785,1181"/>
                    <TextEquiv>
                        <Unicode>Sprache</Unicode>
                    </TextEquiv>
                </Word>
                <Word id="r_10_tl_18_w5" custom="readingOrder {index:4;}">
                    <Coords points="1807,1184 1807,1244 1860,1244 1860,1184"/>
                    <TextEquiv>
                        <Unicode>der</Unicode>
                    </TextEquiv>
                </Word>
                <Word id="r_10_tl_18_w6" custom="readingOrder {index:5;}">
                    <Coords points="1877,1184 1877,1244 2153,1244 2153,1184"/>
                    <TextEquiv>
                        <Unicode>Leidenschaften,</Unicode>
                    </TextEquiv>
                </Word>
                <Word id="r_10_tl_18_w7" custom="readingOrder {index:6;}">
                    <Coords points="2170,1187 2170,1247 2228,1247 2228,1187"/>
                    <TextEquiv>
                        <Unicode>von</Unicode>
                    </TextEquiv>
                </Word>
                <Word id="r_10_tl_18_w8" custom="readingOrder {index:7;}">
                    <Coords points="2251,1187 2251,1247 2299,1247 2299,1187"/>
                    <TextEquiv>
                        <Unicode>den</Unicode>
                    </TextEquiv>
                </Word>
                <TextEquiv>
                    <Unicode>nungen, von der Sprache der Leidenschaften, von den</Unicode>
                </TextEquiv>
            </TextLine>
            <TextLine id="r_10_tl_19" custom="readingOrder {index:18;}">
                <Coords points="1282,1274 2317,1287 2317,1235 2286,1233 1282,1235"/>
                <Baseline points="1295,1268 1340,1268 1385,1268 1430,1271 1474,1271 1519,1268 1564,1271 1609,1268 1653,1271 1698,1271 1743,1271 1788,1268 1833,1271 1877,1271 1922,1271 1967,1271 2012,1271 2057,1271 2101,1274 2146,1274 2191,1277 2236,1277 2280,1277 2322,1277"/>
                <Word id="r_10_tl_19_w1" custom="readingOrder {index:0;}">
                    <Coords points="1289,1229 1289,1289 1519,1289 1519,1229"/>
                    <TextEquiv>
                        <Unicode>Schönheiten</Unicode>
                    </TextEquiv>
                </Word>
                <Word id="r_10_tl_19_w2" custom="readingOrder {index:1;}">
                    <Coords points="1554,1230 1554,1290 1599,1290 1599,1230"/>
                    <TextEquiv>
                        <Unicode>der</Unicode>
                    </TextEquiv>
                </Word>
                <Word id="r_10_tl_19_w3" custom="readingOrder {index:2;}">
                    <Coords points="1623,1231 1623,1291 1795,1291 1795,1231"/>
                    <TextEquiv>
                        <Unicode>Sprache.</Unicode>
                    </TextEquiv>
                </Word>
                <Word id="r_10_tl_19_w4" custom="readingOrder {index:3;}">
                    <Coords points="1848,1231 1848,1291 1951,1291 1951,1231"/>
                    <TextEquiv>
                        <Unicode>Unser</Unicode>
                    </TextEquiv>
                </Word>
                <Word id="r_10_tl_19_w5" custom="readingOrder {index:4;}">
                    <Coords points="1975,1231 1975,1291 2141,1291 2141,1231"/>
                    <TextEquiv>
                        <Unicode>Verfaßer</Unicode>
                    </TextEquiv>
                </Word>
                <Word id="r_10_tl_19_w6" custom="readingOrder {index:5;}">
                    <Coords points="2171,1237 2171,1297 2308,1297 2308,1237"/>
                    <TextEquiv>
                        <Unicode>betrach¬</Unicode>
                    </TextEquiv>
                </Word>
                <TextEquiv>
                    <Unicode>Schönheiten der Sprache. Unser Verfaßer betrach¬</Unicode>
                </TextEquiv>
            </TextLine>
            <TextLine id="r_10_tl_20" custom="readingOrder {index:19;}">
                <Coords points="1285,1336 2320,1342 2320,1287 1285,1274"/>
                <Baseline points="1298,1316 1343,1316 1388,1316 1433,1316 1477,1316 1522,1316 1567,1316 1612,1316 1656,1319 1701,1319 1746,1316 1791,1316 1836,1316 1880,1316 1925,1316 1970,1319 2015,1319 2060,1319 2104,1319 2149,1322 2194,1322 2239,1325 2283,1325 2325,1325"/>
                <Word id="r_10_tl_20_w1" custom="readingOrder {index:0;}">
                    <Coords points="1290,1276 1290,1336 1336,1336 1336,1276"/>
                    <TextEquiv>
                        <Unicode>tet</Unicode>
                    </TextEquiv>
                </Word>
                <Word id="r_10_tl_20_w2" custom="readingOrder {index:1;}">
                    <Coords points="1357,1276 1357,1336 1382,1336 1382,1276"/>
                    <TextEquiv>
                        <Unicode>in</Unicode>
                    </TextEquiv>
                </Word>
                <Word id="r_10_tl_20_w3" custom="readingOrder {index:2;}">
                    <Coords points="1419,1276 1419,1336 1522,1336 1522,1276"/>
                    <TextEquiv>
                        <Unicode>seinem</Unicode>
                    </TextEquiv>
                </Word>
                <Word id="r_10_tl_20_w4" custom="readingOrder {index:3;}">
                    <Coords points="1569,1277 1569,1337 1687,1337 1687,1277"/>
                    <TextEquiv>
                        <Unicode>Werke</Unicode>
                    </TextEquiv>
                </Word>
                <Word id="r_10_tl_20_w5" custom="readingOrder {index:4;}">
                    <Coords points="1719,1276 1719,1336 1744,1336 1744,1276"/>
                    <TextEquiv>
                        <Unicode>so</Unicode>
                    </TextEquiv>
                </Word>
                <Word id="r_10_tl_20_w6" custom="readingOrder {index:5;}">
                    <Coords points="1771,1276 1771,1336 1863,1336 1863,1276"/>
                    <TextEquiv>
                        <Unicode>wohl</Unicode>
                    </TextEquiv>
                </Word>
                <Word id="r_10_tl_20_w7" custom="readingOrder {index:6;}">
                    <Coords points="1879,1276 1879,1336 1925,1336 1925,1276"/>
                    <TextEquiv>
                        <Unicode>die</Unicode>
                    </TextEquiv>
                </Word>
                <Word id="r_10_tl_20_w8" custom="readingOrder {index:7;}">
                    <Coords points="1952,1279 1952,1339 2163,1339 2163,1279"/>
                    <TextEquiv>
                        <Unicode>moralische,</Unicode>
                    </TextEquiv>
                </Word>
                <Word id="r_10_tl_20_w9" custom="readingOrder {index:8;}">
                    <Coords points="2184,1282 2184,1342 2230,1342 2230,1282"/>
                    <TextEquiv>
                        <Unicode>als</Unicode>
                    </TextEquiv>
                </Word>
                <Word id="r_10_tl_20_w10" custom="readingOrder {index:9;}">
                    <Coords points="2257,1285 2257,1345 2318,1345 2318,1285"/>
                    <TextEquiv>
                        <Unicode>un¬</Unicode>
                    </TextEquiv>
                </Word>
                <TextEquiv>
                    <Unicode>tet in seinem Werke so wohl die moralische, als un¬</Unicode>
                </TextEquiv>
            </TextLine>
            <TextLine id="r_10_tl_21" custom="readingOrder {index:20;}">
                <Coords points="1282,1375 2317,1378 2317,1339 2245,1323 1282,1326"/>
                <Baseline points="1295,1367 1340,1367 1385,1367 1430,1367 1474,1367 1519,1367 1564,1367 1609,1367 1653,1370 1698,1370 1743,1370 1788,1370 1833,1370 1877,1367 1922,1370 1967,1370 2012,1370 2057,1370 2101,1370 2146,1370 2191,1370 2236,1370 2280,1370 2325,1367"/>
                <Word id="r_10_tl_21_w1" custom="readingOrder {index:0;}">
                    <Coords points="1288,1327 1288,1387 1476,1387 1476,1327"/>
                    <TextEquiv>
                        <Unicode>moralische</Unicode>
                    </TextEquiv>
                </Word>
                <Word id="r_10_tl_21_w2" custom="readingOrder {index:1;}">
                    <Coords points="1499,1328 1499,1388 1759,1388 1759,1328"/>
                    <TextEquiv>
                        <Unicode>Empfindung,</Unicode>
                    </TextEquiv>
                </Word>
                <Word id="r_10_tl_21_w3" custom="readingOrder {index:2;}">
                    <Coords points="1788,1330 1788,1390 1848,1390 1848,1330"/>
                    <TextEquiv>
                        <Unicode>und</Unicode>
                    </TextEquiv>
                </Word>
                <Word id="r_10_tl_21_w4" custom="readingOrder {index:3;}">
                    <Coords points="1876,1330 1876,1390 1970,1390 1970,1330"/>
                    <TextEquiv>
                        <Unicode>beyde</Unicode>
                    </TextEquiv>
                </Word>
                <Word id="r_10_tl_21_w5" custom="readingOrder {index:4;}">
                    <Coords points="1999,1330 1999,1390 2026,1390 2026,1330"/>
                    <TextEquiv>
                        <Unicode>so</Unicode>
                    </TextEquiv>
                </Word>
                <Word id="r_10_tl_21_w6" custom="readingOrder {index:5;}">
                    <Coords points="2048,1330 2048,1390 2142,1390 2142,1330"/>
                    <TextEquiv>
                        <Unicode>wohl</Unicode>
                    </TextEquiv>
                </Word>
                <Word id="r_10_tl_21_w7" custom="readingOrder {index:6;}">
                    <Coords points="2160,1330 2160,1390 2187,1390 2187,1330"/>
                    <TextEquiv>
                        <Unicode>in</Unicode>
                    </TextEquiv>
                </Word>
                <Word id="r_10_tl_21_w8" custom="readingOrder {index:7;}">
                    <Coords points="2215,1330 2215,1390 2314,1390 2314,1330"/>
                    <TextEquiv>
                        <Unicode>Anse¬</Unicode>
                    </TextEquiv>
                </Word>
                <TextEquiv>
                    <Unicode>moralische Empfindung, und beyde so wohl in Anse¬</Unicode>
                </TextEquiv>
            </TextLine>
            <TextLine id="r_10_tl_22" custom="readingOrder {index:21;}">
                <Coords points="1274,1422 2317,1432 2317,1378 1274,1381"/>
                <Baseline points="1289,1421 1334,1424 1379,1421 1424,1421 1468,1421 1513,1421 1558,1424 1603,1421 1648,1421 1692,1421 1737,1421 1782,1424 1827,1421 1871,1421 1916,1424 1961,1424 2006,1418 2051,1421 2095,1421 2140,1421 2185,1421 2230,1421 2274,1421 2319,1421 2325,1421"/>
                <Word id="r_10_tl_22_w1" custom="readingOrder {index:0;}">
                    <Coords points="1275,1383 1275,1443 1370,1443 1370,1383"/>
                    <TextEquiv>
                        <Unicode>hung</Unicode>
                    </TextEquiv>
                </Word>
                <Word id="r_10_tl_22_w2" custom="readingOrder {index:1;}">
                    <Coords points="1406,1381 1406,1441 1459,1441 1459,1381"/>
                    <TextEquiv>
                        <Unicode>der</Unicode>
                    </TextEquiv>
                </Word>
                <Word id="r_10_tl_22_w3" custom="readingOrder {index:2;}">
                    <Coords points="1484,1383 1484,1443 1603,1443 1603,1383"/>
                    <TextEquiv>
                        <Unicode>Natur</Unicode>
                    </TextEquiv>
                </Word>
                <Word id="r_10_tl_22_w4" custom="readingOrder {index:3;}">
                    <Coords points="1633,1381 1633,1441 1686,1441 1686,1381"/>
                    <TextEquiv>
                        <Unicode>als</Unicode>
                    </TextEquiv>
                </Word>
                <Word id="r_10_tl_22_w5" custom="readingOrder {index:4;}">
                    <Coords points="1717,1381 1717,1441 1770,1441 1770,1381"/>
                    <TextEquiv>
                        <Unicode>der</Unicode>
                    </TextEquiv>
                </Word>
                <Word id="r_10_tl_22_w6" custom="readingOrder {index:5;}">
                    <Coords points="1801,1381 1801,1441 1925,1441 1925,1381"/>
                    <TextEquiv>
                        <Unicode>Kunst.</Unicode>
                    </TextEquiv>
                </Word>
                <Word id="r_10_tl_22_w7" custom="readingOrder {index:6;}">
                    <Coords points="1974,1379 1974,1439 2021,1439 2021,1379"/>
                    <TextEquiv>
                        <Unicode>Er</Unicode>
                    </TextEquiv>
                </Word>
                <Word id="r_10_tl_22_w8" custom="readingOrder {index:7;}">
                    <Coords points="2051,1381 2051,1441 2087,1441 2087,1381"/>
                    <TextEquiv>
                        <Unicode>ist</Unicode>
                    </TextEquiv>
                </Word>
                <Word id="r_10_tl_22_w9" custom="readingOrder {index:8;}">
                    <Coords points="2111,1381 2111,1441 2176,1441 2176,1381"/>
                    <TextEquiv>
                        <Unicode>sehr</Unicode>
                    </TextEquiv>
                </Word>
                <Word id="r_10_tl_22_w10" custom="readingOrder {index:9;}">
                    <Coords points="2201,1381 2201,1441 2313,1441 2313,1381"/>
                    <TextEquiv>
                        <Unicode>scharf¬</Unicode>
                    </TextEquiv>
                </Word>
                <TextEquiv>
                    <Unicode>hung der Natur als der Kunst. Er ist sehr scharf¬</Unicode>
                </TextEquiv>
            </TextLine>
            <TextLine id="r_10_tl_23" custom="readingOrder {index:22;}">
                <Coords points="1287,1490 2312,1487 2312,1435 1975,1419 1287,1451"/>
                <Baseline points="1301,1474 1334,1474 1379,1474 1424,1474 1468,1474 1513,1474 1558,1474 1603,1471 1648,1474 1692,1474 1737,1471 1782,1474 1827,1474 1871,1474 1916,1474 1961,1474 2006,1474 2051,1474 2095,1474 2140,1474 2185,1471 2230,1471 2274,1471 2319,1471"/>
                <Word id="r_10_tl_23_w1" custom="readingOrder {index:0;}">
                    <Coords points="1282,1434 1282,1494 1383,1494 1383,1434"/>
                    <TextEquiv>
                        <Unicode>sichtig</Unicode>
                    </TextEquiv>
                </Word>
                <Word id="r_10_tl_23_w2" custom="readingOrder {index:1;}">
                    <Coords points="1413,1434 1413,1494 1461,1494 1461,1434"/>
                    <TextEquiv>
                        <Unicode>die</Unicode>
                    </TextEquiv>
                </Word>
                <Word id="r_10_tl_23_w3" custom="readingOrder {index:2;}">
                    <Coords points="1485,1434 1485,1494 1586,1494 1586,1434"/>
                    <TextEquiv>
                        <Unicode>kleine</Unicode>
                    </TextEquiv>
                </Word>
                <Word id="r_10_tl_23_w4" custom="readingOrder {index:3;}">
                    <Coords points="1610,1431 1610,1491 1837,1491 1837,1431"/>
                    <TextEquiv>
                        <Unicode>Unterschiede</Unicode>
                    </TextEquiv>
                </Word>
                <Word id="r_10_tl_23_w5" custom="readingOrder {index:4;}">
                    <Coords points="1861,1434 1861,1494 1884,1494 1884,1434"/>
                    <TextEquiv>
                        <Unicode>in</Unicode>
                    </TextEquiv>
                </Word>
                <Word id="r_10_tl_23_w6" custom="readingOrder {index:5;}">
                    <Coords points="1915,1434 1915,1494 1986,1494 1986,1434"/>
                    <TextEquiv>
                        <Unicode>sehr</Unicode>
                    </TextEquiv>
                </Word>
                <Word id="r_10_tl_23_w7" custom="readingOrder {index:6;}">
                    <Coords points="2011,1434 2011,1494 2177,1494 2177,1434"/>
                    <TextEquiv>
                        <Unicode>ähnlichen</Unicode>
                    </TextEquiv>
                </Word>
                <Word id="r_10_tl_23_w8" custom="readingOrder {index:7;}">
                    <Coords points="2208,1431 2208,1491 2302,1491 2302,1431"/>
                    <TextEquiv>
                        <Unicode>Arten</Unicode>
                    </TextEquiv>
                </Word>
                <TextEquiv>
                    <Unicode>sichtig die kleine Unterschiede in sehr ähnlichen Arten</Unicode>
                </TextEquiv>
            </TextLine>
            <TextLine id="r_10_tl_24" custom="readingOrder {index:23;}">
                <Coords points="1282,1531 2317,1536 2317,1482 1282,1490"/>
                <Baseline points="1295,1522 1337,1522 1382,1522 1427,1522 1471,1522 1516,1522 1561,1522 1606,1522 1650,1522 1695,1525 1740,1525 1785,1525 1830,1525 1874,1525 1919,1525 1964,1525 2009,1525 2054,1525 2098,1525 2143,1525 2188,1522 2233,1525 2277,1522 2322,1519"/>
                <Word id="r_10_tl_24_w1" custom="readingOrder {index:0;}">
                    <Coords points="1288,1482 1288,1542 1341,1542 1341,1482"/>
                    <TextEquiv>
                        <Unicode>des</Unicode>
                    </TextEquiv>
                </Word>
                <Word id="r_10_tl_24_w2" custom="readingOrder {index:1;}">
                    <Coords points="1369,1482 1369,1542 1520,1542 1520,1482"/>
                    <TextEquiv>
                        <Unicode>Gefühls</Unicode>
                    </TextEquiv>
                </Word>
                <Word id="r_10_tl_24_w3" custom="readingOrder {index:2;}">
                    <Coords points="1547,1482 1547,1542 1574,1542 1574,1482"/>
                    <TextEquiv>
                        <Unicode>zu</Unicode>
                    </TextEquiv>
                </Word>
                <Word id="r_10_tl_24_w4" custom="readingOrder {index:3;}">
                    <Coords points="1607,1484 1607,1544 1774,1544 1774,1484"/>
                    <TextEquiv>
                        <Unicode>bemerken</Unicode>
                    </TextEquiv>
                </Word>
                <Word id="r_10_tl_24_w5" custom="readingOrder {index:4;}">
                    <Coords points="1802,1485 1802,1545 1866,1545 1866,1485"/>
                    <TextEquiv>
                        <Unicode>und</Unicode>
                    </TextEquiv>
                </Word>
                <Word id="r_10_tl_24_w6" custom="readingOrder {index:5;}">
                    <Coords points="1905,1485 1905,1545 1963,1545 1963,1485"/>
                    <TextEquiv>
                        <Unicode>von</Unicode>
                    </TextEquiv>
                </Word>
                <Word id="r_10_tl_24_w7" custom="readingOrder {index:6;}">
                    <Coords points="1996,1485 1996,1545 2136,1545 2136,1485"/>
                    <TextEquiv>
                        <Unicode>guugsam</Unicode>
                    </TextEquiv>
                </Word>
                <Word id="r_10_tl_24_w8" custom="readingOrder {index:7;}">
                    <Coords points="2191,1483 2191,1543 2315,1543 2315,1483"/>
                    <TextEquiv>
                        <Unicode>ausge¬</Unicode>
                    </TextEquiv>
                </Word>
                <TextEquiv>
                    <Unicode>des Gefühls zu bemerken und von guugsam ausge¬</Unicode>
                </TextEquiv>
            </TextLine>
            <TextLine id="r_10_tl_25" custom="readingOrder {index:24;}">
                <Coords points="1274,1583 2315,1583 2315,1536 2190,1528 1274,1531"/>
                <Baseline points="1289,1570 1334,1570 1379,1570 1424,1570 1468,1570 1513,1570 1558,1567 1603,1573 1648,1573 1692,1573 1737,1573 1782,1573 1827,1576 1871,1573 1916,1573 1961,1573 2006,1576 2051,1576 2095,1573 2140,1573 2185,1573 2230,1573 2274,1573 2319,1576 2322,1576"/>
                <Word id="r_10_tl_25_w1" custom="readingOrder {index:0;}">
                    <Coords points="1279,1530 1279,1590 1433,1590 1433,1530"/>
                    <TextEquiv>
                        <Unicode>breiteten</Unicode>
                    </TextEquiv>
                </Word>
                <Word id="r_10_tl_25_w2" custom="readingOrder {index:1;}">
                    <Coords points="1460,1530 1460,1590 1561,1590 1561,1530"/>
                    <TextEquiv>
                        <Unicode>Witze</Unicode>
                    </TextEquiv>
                </Word>
                <Word id="r_10_tl_25_w3" custom="readingOrder {index:2;}">
                    <Coords points="1588,1533 1588,1593 1620,1593 1620,1533"/>
                    <TextEquiv>
                        <Unicode>um</Unicode>
                    </TextEquiv>
                </Word>
                <Word id="r_10_tl_25_w4" custom="readingOrder {index:3;}">
                    <Coords points="1663,1533 1663,1593 1689,1593 1689,1533"/>
                    <TextEquiv>
                        <Unicode>in</Unicode>
                    </TextEquiv>
                </Word>
                <Word id="r_10_tl_25_w5" custom="readingOrder {index:4;}">
                    <Coords points="1722,1533 1722,1593 1817,1593 1817,1533"/>
                    <TextEquiv>
                        <Unicode>diesem</Unicode>
                    </TextEquiv>
                </Word>
                <Word id="r_10_tl_25_w6" custom="readingOrder {index:5;}">
                    <Coords points="1860,1533 1860,1593 1982,1593 1982,1533"/>
                    <TextEquiv>
                        <Unicode>Felde,</Unicode>
                    </TextEquiv>
                </Word>
                <Word id="r_10_tl_25_w7" custom="readingOrder {index:6;}">
                    <Coords points="2026,1535 2026,1595 2094,1595 2094,1535"/>
                    <TextEquiv>
                        <Unicode>nach</Unicode>
                    </TextEquiv>
                </Word>
                <Word id="r_10_tl_25_w8" custom="readingOrder {index:7;}">
                    <Coords points="2132,1533 2132,1593 2228,1593 2228,1533"/>
                    <TextEquiv>
                        <Unicode>deßen</Unicode>
                    </TextEquiv>
                </Word>
                <Word id="r_10_tl_25_w9" custom="readingOrder {index:8;}">
                    <Coords points="2265,1534 2265,1594 2313,1594 2313,1534"/>
                    <TextEquiv>
                        <Unicode>be¬</Unicode>
                    </TextEquiv>
                </Word>
                <TextEquiv>
                    <Unicode>breiteten Witze um in diesem Felde, nach deßen be¬</Unicode>
                </TextEquiv>
            </TextLine>
            <TextLine id="r_10_tl_26" custom="readingOrder {index:25;}">
                <Coords points="1277,1632 2315,1643 2315,1583 1277,1583"/>
                <Baseline points="1292,1612 1337,1615 1382,1615 1427,1615 1471,1615 1516,1618 1561,1615 1606,1618 1650,1618 1695,1621 1740,1618 1785,1621 1830,1621 1874,1624 1919,1621 1964,1624 2009,1621 2054,1624 2098,1624 2143,1624 2188,1624 2233,1624 2277,1624 2322,1624"/>
                <Word id="r_10_tl_26_w1" custom="readingOrder {index:0;}">
                    <Coords points="1282,1575 1282,1635 1644,1635 1644,1575"/>
                    <TextEquiv>
                        <Unicode>wundernswürdigen</Unicode>
                    </TextEquiv>
                </Word>
                <Word id="r_10_tl_26_w2" custom="readingOrder {index:1;}">
                    <Coords points="1676,1582 1676,1642 2023,1642 2023,1582"/>
                    <TextEquiv>
                        <Unicode>Mannigfaltigkeit,</Unicode>
                    </TextEquiv>
                </Word>
                <Word id="r_10_tl_26_w3" custom="readingOrder {index:2;}">
                    <Coords points="2050,1584 2050,1644 2137,1644 2137,1584"/>
                    <TextEquiv>
                        <Unicode>nicht</Unicode>
                    </TextEquiv>
                </Word>
                <Word id="r_10_tl_26_w4" custom="readingOrder {index:3;}">
                    <Coords points="2158,1584 2158,1644 2308,1644 2308,1584"/>
                    <TextEquiv>
                        <Unicode>leichtlich</Unicode>
                    </TextEquiv>
                </Word>
                <TextEquiv>
                    <Unicode>wundernswürdigen Mannigfaltigkeit, nicht leichtlich</Unicode>
                </TextEquiv>
            </TextLine>
            <TextLine id="r_10_tl_27" custom="readingOrder {index:26;}">
                <Coords points="1285,1682 2312,1687 2312,1640 2265,1630 1285,1635"/>
                <Baseline points="1298,1659 1343,1659 1388,1659 1433,1662 1477,1662 1522,1662 1567,1662 1612,1662 1656,1662 1701,1662 1746,1665 1791,1665 1836,1668 1880,1665 1925,1665 1970,1668 2015,1668 2060,1671 2104,1668 2149,1668 2194,1671 2239,1671 2283,1671 2319,1668"/>
                <Word id="r_10_tl_27_w1" custom="readingOrder {index:0;}">
                    <Coords points="1290,1619 1290,1679 1361,1679 1361,1619"/>
                    <TextEquiv>
                        <Unicode>eine</Unicode>
                    </TextEquiv>
                </Word>
                <Word id="r_10_tl_27_w2" custom="readingOrder {index:1;}">
                    <Coords points="1383,1622 1383,1682 1526,1682 1526,1622"/>
                    <TextEquiv>
                        <Unicode>wichtige</Unicode>
                    </TextEquiv>
                </Word>
                <Word id="r_10_tl_27_w3" custom="readingOrder {index:2;}">
                    <Coords points="1548,1622 1548,1682 1660,1682 1660,1622"/>
                    <TextEquiv>
                        <Unicode>Stelle</Unicode>
                    </TextEquiv>
                </Word>
                <Word id="r_10_tl_27_w4" custom="readingOrder {index:3;}">
                    <Coords points="1681,1624 1681,1684 1800,1684 1800,1624"/>
                    <TextEquiv>
                        <Unicode>vorbey</Unicode>
                    </TextEquiv>
                </Word>
                <Word id="r_10_tl_27_w5" custom="readingOrder {index:4;}">
                    <Coords points="1831,1627 1831,1687 1857,1687 1857,1627"/>
                    <TextEquiv>
                        <Unicode>zu</Unicode>
                    </TextEquiv>
                </Word>
                <Word id="r_10_tl_27_w6" custom="readingOrder {index:5;}">
                    <Coords points="1888,1626 1888,1686 2006,1686 2006,1626"/>
                    <TextEquiv>
                        <Unicode>gehen.</Unicode>
                    </TextEquiv>
                </Word>
                <Word id="r_10_tl_27_w7" custom="readingOrder {index:6;}">
                    <Coords points="2058,1628 2058,1688 2150,1688 2150,1628"/>
                    <TextEquiv>
                        <Unicode>Nach</Unicode>
                    </TextEquiv>
                </Word>
                <Word id="r_10_tl_27_w8" custom="readingOrder {index:7;}">
                    <Coords points="2171,1631 2171,1691 2222,1691 2222,1631"/>
                    <TextEquiv>
                        <Unicode>der</Unicode>
                    </TextEquiv>
                </Word>
                <Word id="r_10_tl_27_w9" custom="readingOrder {index:8;}">
                    <Coords points="2244,1631 2244,1691 2310,1691 2310,1631"/>
                    <TextEquiv>
                        <Unicode>Be¬</Unicode>
                    </TextEquiv>
                </Word>
                <TextEquiv>
                    <Unicode>eine wichtige Stelle vorbey zu gehen. Nach der Be¬</Unicode>
                </TextEquiv>
            </TextLine>
            <TextLine id="r_10_tl_28" custom="readingOrder {index:27;}">
                <Coords points="1285,1723 2315,1728 2315,1689 2245,1676 1285,1682"/>
                <Baseline points="1298,1710 1343,1710 1388,1710 1433,1713 1477,1713 1522,1713 1567,1710 1612,1713 1656,1713 1701,1713 1746,1713 1791,1713 1836,1713 1880,1713 1925,1710 1970,1710 2015,1713 2060,1713 2104,1713 2149,1713 2194,1716 2239,1716 2283,1716 2322,1719"/>
                <Word id="r_10_tl_28_w1" custom="readingOrder {index:0;}">
                    <Coords points="1285,1670 1285,1730 1465,1730 1465,1670"/>
                    <TextEquiv>
                        <Unicode>obachtung</Unicode>
                    </TextEquiv>
                </Word>
                <Word id="r_10_tl_28_w2" custom="readingOrder {index:1;}">
                    <Coords points="1496,1673 1496,1733 1546,1733 1546,1673"/>
                    <TextEquiv>
                        <Unicode>der</Unicode>
                    </TextEquiv>
                </Word>
                <Word id="r_10_tl_28_w3" custom="readingOrder {index:2;}">
                    <Coords points="1567,1673 1567,1733 1834,1733 1834,1673"/>
                    <TextEquiv>
                        <Unicode>Empfindungen</Unicode>
                    </TextEquiv>
                </Word>
                <Word id="r_10_tl_28_w4" custom="readingOrder {index:3;}">
                    <Coords points="1865,1670 1865,1730 1960,1730 1960,1670"/>
                    <TextEquiv>
                        <Unicode>selber</Unicode>
                    </TextEquiv>
                </Word>
                <Word id="r_10_tl_28_w5" custom="readingOrder {index:4;}">
                    <Coords points="1986,1673 1986,1733 2152,1733 2152,1673"/>
                    <TextEquiv>
                        <Unicode>erweitert</Unicode>
                    </TextEquiv>
                </Word>
                <Word id="r_10_tl_28_w6" custom="readingOrder {index:5;}">
                    <Coords points="2173,1675 2173,1735 2202,1735 2202,1675"/>
                    <TextEquiv>
                        <Unicode>er</Unicode>
                    </TextEquiv>
                </Word>
                <Word id="r_10_tl_28_w7" custom="readingOrder {index:6;}">
                    <Coords points="2228,1676 2228,1736 2308,1736 2308,1676"/>
                    <TextEquiv>
                        <Unicode>seine</Unicode>
                    </TextEquiv>
                </Word>
                <TextEquiv>
                    <Unicode>obachtung der Empfindungen selber erweitert er seine</Unicode>
                </TextEquiv>
            </TextLine>
            <TextLine id="r_10_tl_29" custom="readingOrder {index:28;}">
                <Coords points="1290,1775 2315,1780 2315,1728 2214,1715 1290,1720"/>
                <Baseline points="1304,1761 1349,1761 1394,1764 1439,1761 1483,1764 1528,1761 1573,1764 1618,1764 1662,1764 1707,1764 1752,1764 1797,1764 1842,1764 1886,1761 1931,1761 1976,1761 2021,1764 2065,1764 2110,1764 2155,1764 2200,1764 2245,1764 2289,1764 2322,1764"/>
                <Word id="r_10_tl_29_w1" custom="readingOrder {index:0;}">
                    <Coords points="1291,1723 1291,1783 1512,1783 1512,1723"/>
                    <TextEquiv>
                        <Unicode>Betrachtung</Unicode>
                    </TextEquiv>
                </Word>
                <Word id="r_10_tl_29_w2" custom="readingOrder {index:1;}">
                    <Coords points="1551,1724 1551,1784 1595,1784 1595,1724"/>
                    <TextEquiv>
                        <Unicode>bis</Unicode>
                    </TextEquiv>
                </Word>
                <Word id="r_10_tl_29_w3" custom="readingOrder {index:2;}">
                    <Coords points="1623,1724 1623,1784 1684,1784 1684,1724"/>
                    <TextEquiv>
                        <Unicode>auf</Unicode>
                    </TextEquiv>
                </Word>
                <Word id="r_10_tl_29_w4" custom="readingOrder {index:3;}">
                    <Coords points="1713,1724 1713,1784 1762,1784 1762,1724"/>
                    <TextEquiv>
                        <Unicode>die</Unicode>
                    </TextEquiv>
                </Word>
                <Word id="r_10_tl_29_w5" custom="readingOrder {index:4;}">
                    <Coords points="1791,1721 1791,1781 2024,1781 2024,1721"/>
                    <TextEquiv>
                        <Unicode>Endabsichten</Unicode>
                    </TextEquiv>
                </Word>
                <Word id="r_10_tl_29_w6" custom="readingOrder {index:5;}">
                    <Coords points="2063,1724 2063,1784 2162,1784 2162,1724"/>
                    <TextEquiv>
                        <Unicode>dieser</Unicode>
                    </TextEquiv>
                </Word>
                <Word id="r_10_tl_29_w7" custom="readingOrder {index:6;}">
                    <Coords points="2191,1724 2191,1784 2312,1784 2312,1724"/>
                    <TextEquiv>
                        <Unicode>Kunst=</Unicode>
                    </TextEquiv>
                </Word>
                <TextEquiv>
                    <Unicode>Betrachtung bis auf die Endabsichten dieser Kunst=</Unicode>
                </TextEquiv>
            </TextLine>
            <TextLine id="r_10_tl_30" custom="readingOrder {index:29;}">
                <Coords points="1287,1827 2317,1827 2317,1783 2227,1772 1287,1780"/>
                <Baseline points="1301,1815 1346,1815 1391,1815 1436,1815 1480,1815 1525,1815 1570,1815 1615,1818 1659,1818 1704,1818 1749,1818 1794,1818 1839,1815 1883,1815 1928,1815 1973,1815 2018,1815 2063,1815 2107,1815 2152,1812 2197,1815 2242,1815 2286,1815 2325,1815"/>
                <Word id="r_10_tl_30_w1" custom="readingOrder {index:0;}">
                    <Coords points="1293,1775 1293,1835 1492,1835 1492,1775"/>
                    <TextEquiv>
                        <Unicode>einrichtung</Unicode>
                    </TextEquiv>
                </Word>
                <Word id="r_10_tl_30_w2" custom="readingOrder {index:1;}">
                    <Coords points="1525,1776 1525,1836 1654,1836 1654,1776"/>
                    <TextEquiv>
                        <Unicode>unserer</Unicode>
                    </TextEquiv>
                </Word>
                <Word id="r_10_tl_30_w3" custom="readingOrder {index:2;}">
                    <Coords points="1687,1778 1687,1838 1822,1838 1822,1778"/>
                    <TextEquiv>
                        <Unicode>Natur.</Unicode>
                    </TextEquiv>
                </Word>
                <Word id="r_10_tl_30_w4" custom="readingOrder {index:3;}">
                    <Coords points="1872,1775 1872,1835 1957,1835 1957,1775"/>
                    <TextEquiv>
                        <Unicode>Eine</Unicode>
                    </TextEquiv>
                </Word>
                <Word id="r_10_tl_30_w5" custom="readingOrder {index:4;}">
                    <Coords points="1985,1775 1985,1835 2142,1835 2142,1775"/>
                    <TextEquiv>
                        <Unicode>reitzende</Unicode>
                    </TextEquiv>
                </Word>
                <Word id="r_10_tl_30_w6" custom="readingOrder {index:5;}">
                    <Coords points="2169,1775 2169,1835 2228,1835 2228,1775"/>
                    <TextEquiv>
                        <Unicode>und</Unicode>
                    </TextEquiv>
                </Word>
                <Word id="r_10_tl_30_w7" custom="readingOrder {index:6;}">
                    <Coords points="2256,1775 2256,1835 2314,1835 2314,1775"/>
                    <TextEquiv>
                        <Unicode>un¬</Unicode>
                    </TextEquiv>
                </Word>
                <TextEquiv>
                    <Unicode>einrichtung unserer Natur. Eine reitzende und un¬</Unicode>
                </TextEquiv>
            </TextLine>
            <TextLine id="r_10_tl_31" custom="readingOrder {index:30;}">
                <Coords points="1290,1881 2315,1884 2315,1827 2268,1824 1290,1827"/>
                <Baseline points="1304,1865 1349,1859 1394,1862 1439,1859 1483,1862 1528,1862 1573,1862 1618,1859 1662,1859 1707,1862 1752,1862 1797,1862 1842,1859 1886,1859 1931,1859 1976,1862 2021,1862 2065,1862 2110,1862 2155,1865 2200,1865 2245,1865 2289,1865 2322,1865"/>
                <Word id="r_10_tl_31_w1" custom="readingOrder {index:0;}">
                    <Coords points="1290,1819 1290,1879 1414,1879 1414,1819"/>
                    <TextEquiv>
                        <Unicode>gemein</Unicode>
                    </TextEquiv>
                </Word>
                <Word id="r_10_tl_31_w2" custom="readingOrder {index:1;}">
                    <Coords points="1445,1822 1445,1882 1625,1882 1625,1822"/>
                    <TextEquiv>
                        <Unicode>erbauliche</Unicode>
                    </TextEquiv>
                </Word>
                <Word id="r_10_tl_31_w3" custom="readingOrder {index:2;}">
                    <Coords points="1656,1820 1656,1880 1721,1880 1721,1820"/>
                    <TextEquiv>
                        <Unicode>Art</Unicode>
                    </TextEquiv>
                </Word>
                <Word id="r_10_tl_31_w4" custom="readingOrder {index:3;}">
                    <Coords points="1746,1822 1746,1882 1796,1882 1796,1822"/>
                    <TextEquiv>
                        <Unicode>der</Unicode>
                    </TextEquiv>
                </Word>
                <Word id="r_10_tl_31_w5" custom="readingOrder {index:4;}">
                    <Coords points="1822,1821 1822,1881 2122,1881 2122,1821"/>
                    <TextEquiv>
                        <Unicode>Betrachtungen,</Unicode>
                    </TextEquiv>
                </Word>
                <Word id="r_10_tl_31_w6" custom="readingOrder {index:5;}">
                    <Coords points="2148,1825 2148,1885 2238,1885 2238,1825"/>
                    <TextEquiv>
                        <Unicode>wenn</Unicode>
                    </TextEquiv>
                </Word>
                <Word id="r_10_tl_31_w7" custom="readingOrder {index:6;}">
                    <Coords points="2274,1825 2274,1885 2303,1885 2303,1825"/>
                    <TextEquiv>
                        <Unicode>es</Unicode>
                    </TextEquiv>
                </Word>
                <TextEquiv>
                    <Unicode>gemein erbauliche Art der Betrachtungen, wenn es</Unicode>
                </TextEquiv>
            </TextLine>
            <TextLine id="r_10_tl_32" custom="readingOrder {index:31;}">
                <Coords points="1282,1925 2312,1931 2312,1884 2273,1874 1282,1881"/>
                <Baseline points="1295,1910 1340,1910 1385,1910 1430,1910 1474,1910 1519,1910 1564,1910 1609,1910 1653,1910 1698,1913 1743,1913 1788,1913 1833,1910 1877,1910 1922,1907 1967,1907 2012,1910 2057,1910 2101,1910 2146,1913 2191,1913 2236,1913 2280,1916 2319,1922"/>
                <Word id="r_10_tl_32_w1" custom="readingOrder {index:0;}">
                    <Coords points="1288,1870 1288,1930 1376,1930 1376,1870"/>
                    <TextEquiv>
                        <Unicode>nur,</Unicode>
                    </TextEquiv>
                </Word>
                <Word id="r_10_tl_32_w2" custom="readingOrder {index:1;}">
                    <Coords points="1405,1870 1405,1930 1476,1930 1476,1870"/>
                    <TextEquiv>
                        <Unicode>nach</Unicode>
                    </TextEquiv>
                </Word>
                <Word id="r_10_tl_32_w3" custom="readingOrder {index:2;}">
                    <Coords points="1505,1870 1505,1930 1631,1930 1631,1870"/>
                    <TextEquiv>
                        <Unicode>unserer</Unicode>
                    </TextEquiv>
                </Word>
                <Word id="r_10_tl_32_w4" custom="readingOrder {index:3;}">
                    <Coords points="1660,1873 1660,1933 1882,1933 1882,1873"/>
                    <TextEquiv>
                        <Unicode>kurzsichtigen</Unicode>
                    </TextEquiv>
                </Word>
                <Word id="r_10_tl_32_w5" custom="readingOrder {index:4;}">
                    <Coords points="1921,1871 1921,1931 2315,1931 2315,1871"/>
                    <TextEquiv>
                        <Unicode>Verstandesfähigkeit,</Unicode>
                    </TextEquiv>
                </Word>
                <TextEquiv>
                    <Unicode>nur, nach unserer kurzsichtigen Verstandesfähigkeit,</Unicode>
                </TextEquiv>
            </TextLine>
            <TextLine id="r_10_tl_33" custom="readingOrder {index:32;}">
                <Coords points="1282,1975 2310,1977 2310,1933 2094,1918 1282,1928"/>
                <Baseline points="1295,1958 1340,1958 1385,1958 1430,1958 1474,1958 1519,1961 1564,1961 1609,1961 1653,1961 1698,1961 1743,1964 1788,1964 1833,1961 1877,1961 1922,1958 1967,1958 2012,1961 2057,1961 2101,1958 2146,1961 2191,1961 2236,1964 2280,1964 2316,1967"/>
                <Word id="r_10_tl_33_w1" custom="readingOrder {index:0;}">
                    <Coords points="1288,1918 1288,1978 1374,1978 1374,1918"/>
                    <TextEquiv>
                        <Unicode>nicht</Unicode>
                    </TextEquiv>
                </Word>
                <Word id="r_10_tl_33_w2" custom="readingOrder {index:1;}">
                    <Coords points="1396,1918 1396,1978 1471,1978 1471,1918"/>
                    <TextEquiv>
                        <Unicode>weit</Unicode>
                    </TextEquiv>
                </Word>
                <Word id="r_10_tl_33_w3" custom="readingOrder {index:2;}">
                    <Coords points="1488,1921 1488,1981 1672,1981 1672,1921"/>
                    <TextEquiv>
                        <Unicode>rathsamer</Unicode>
                    </TextEquiv>
                </Word>
                <Word id="r_10_tl_33_w4" custom="readingOrder {index:3;}">
                    <Coords points="1700,1924 1700,1984 1803,1984 1803,1924"/>
                    <TextEquiv>
                        <Unicode>wäre,</Unicode>
                    </TextEquiv>
                </Word>
                <Word id="r_10_tl_33_w5" custom="readingOrder {index:4;}">
                    <Coords points="1831,1921 1831,1981 1879,1981 1879,1921"/>
                    <TextEquiv>
                        <Unicode>sich</Unicode>
                    </TextEquiv>
                </Word>
                <Word id="r_10_tl_33_w6" custom="readingOrder {index:5;}">
                    <Coords points="1912,1918 1912,1978 1960,1978 1960,1918"/>
                    <TextEquiv>
                        <Unicode>bey</Unicode>
                    </TextEquiv>
                </Word>
                <Word id="r_10_tl_33_w7" custom="readingOrder {index:6;}">
                    <Coords points="1993,1921 1993,1981 2042,1981 2042,1921"/>
                    <TextEquiv>
                        <Unicode>der</Unicode>
                    </TextEquiv>
                </Word>
                <Word id="r_10_tl_33_w8" custom="readingOrder {index:7;}">
                    <Coords points="2069,1919 2069,1979 2188,1979 2188,1919"/>
                    <TextEquiv>
                        <Unicode>Frage,</Unicode>
                    </TextEquiv>
                </Word>
                <Word id="r_10_tl_33_w9" custom="readingOrder {index:8;}">
                    <Coords points="2216,1924 2216,1984 2302,1984 2302,1924"/>
                    <TextEquiv>
                        <Unicode>was</Unicode>
                    </TextEquiv>
                </Word>
                <TextEquiv>
                    <Unicode>nicht weit rathsamer wäre, sich bey der Frage, was</Unicode>
                </TextEquiv>
            </TextLine>
            <TextLine id="r_10_tl_34" custom="readingOrder {index:33;}">
                <Coords points="1282,2024 2307,2029 2307,1980 2195,1967 1282,1977"/>
                <Baseline points="1295,2009 1340,2009 1385,2006 1430,2009 1474,2009 1519,2012 1564,2012 1609,2012 1653,2012 1698,2012 1743,2012 1788,2012 1833,2015 1877,2012 1922,2012 1967,2009 2012,2012 2057,2009 2101,2009 2146,2009 2191,2009 2236,2009 2280,2012 2313,2015"/>
                <Word id="r_10_tl_34_w1" custom="readingOrder {index:0;}">
                    <Coords points="1288,1969 1288,2029 1330,2029 1330,1969"/>
                    <TextEquiv>
                        <Unicode>da</Unicode>
                    </TextEquiv>
                </Word>
                <Word id="r_10_tl_34_w2" custom="readingOrder {index:1;}">
                    <Coords points="1364,1967 1364,2027 1460,2027 1460,1967"/>
                    <TextEquiv>
                        <Unicode>sey,</Unicode>
                    </TextEquiv>
                </Word>
                <Word id="r_10_tl_34_w3" custom="readingOrder {index:2;}">
                    <Coords points="1493,1972 1493,2032 1563,2032 1563,1972"/>
                    <TextEquiv>
                        <Unicode>noch</Unicode>
                    </TextEquiv>
                </Word>
                <Word id="r_10_tl_34_w4" custom="readingOrder {index:3;}">
                    <Coords points="1591,1972 1591,2032 1688,2032 1688,1972"/>
                    <TextEquiv>
                        <Unicode>lange</Unicode>
                    </TextEquiv>
                </Word>
                <Word id="r_10_tl_34_w5" custom="readingOrder {index:4;}">
                    <Coords points="1715,1974 1715,2034 1958,2034 1958,1974"/>
                    <TextEquiv>
                        <Unicode>aufzuhalten,</Unicode>
                    </TextEquiv>
                </Word>
                <Word id="r_10_tl_34_w6" custom="readingOrder {index:5;}">
                    <Coords points="1986,1971 1986,2031 2045,2031 2045,1971"/>
                    <TextEquiv>
                        <Unicode>und</Unicode>
                    </TextEquiv>
                </Word>
                <Word id="r_10_tl_34_w7" custom="readingOrder {index:6;}">
                    <Coords points="2073,1969 2073,2029 2126,2029 2126,1969"/>
                    <TextEquiv>
                        <Unicode>den</Unicode>
                    </TextEquiv>
                </Word>
                <Word id="r_10_tl_34_w8" custom="readingOrder {index:7;}">
                    <Coords points="2159,1969 2159,2029 2305,2029 2305,1969"/>
                    <TextEquiv>
                        <Unicode>Vorwitz</Unicode>
                    </TextEquiv>
                </Word>
                <TextEquiv>
                    <Unicode>da sey, noch lange aufzuhalten, und den Vorwitz</Unicode>
                </TextEquiv>
            </TextLine>
            <TextLine id="r_10_tl_35" custom="readingOrder {index:34;}">
                <Coords points="1287,2076 2304,2076 2304,2029 2201,2014 1287,2022"/>
                <Baseline points="1301,2057 1346,2057 1391,2057 1436,2057 1480,2060 1525,2060 1570,2060 1615,2063 1659,2063 1704,2063 1749,2063 1794,2063 1839,2063 1883,2063 1928,2063 1973,2063 2018,2063 2063,2057 2107,2060 2152,2057 2197,2060 2242,2060 2286,2063 2310,2065"/>
                <Word id="r_10_tl_35_w1" custom="readingOrder {index:0;}">
                    <Coords points="1293,2017 1293,2077 1314,2077 1314,2017"/>
                    <TextEquiv>
                        <Unicode>in</Unicode>
                    </TextEquiv>
                </Word>
                <Word id="r_10_tl_35_w2" custom="readingOrder {index:1;}">
                    <Coords points="1348,2017 1348,2077 1525,2077 1525,2017"/>
                    <TextEquiv>
                        <Unicode>Ansehung</Unicode>
                    </TextEquiv>
                </Word>
                <Word id="r_10_tl_35_w3" custom="readingOrder {index:2;}">
                    <Coords points="1554,2020 1554,2080 1603,2080 1603,2020"/>
                    <TextEquiv>
                        <Unicode>der</Unicode>
                    </TextEquiv>
                </Word>
                <Word id="r_10_tl_35_w4" custom="readingOrder {index:3;}">
                    <Coords points="1631,2023 1631,2083 1764,2083 1764,2023"/>
                    <TextEquiv>
                        <Unicode>Frage,</Unicode>
                    </TextEquiv>
                </Word>
                <Word id="r_10_tl_35_w5" custom="readingOrder {index:4;}">
                    <Coords points="1786,2023 1786,2083 1930,2083 1930,2023"/>
                    <TextEquiv>
                        <Unicode>warum</Unicode>
                    </TextEquiv>
                </Word>
                <Word id="r_10_tl_35_w6" custom="readingOrder {index:5;}">
                    <Coords points="1986,2023 1986,2083 2024,2083 2024,2023"/>
                    <TextEquiv>
                        <Unicode>es</Unicode>
                    </TextEquiv>
                </Word>
                <Word id="r_10_tl_35_w7" custom="readingOrder {index:6;}">
                    <Coords points="2058,2019 2058,2079 2146,2079 2146,2019"/>
                    <TextEquiv>
                        <Unicode>sey,</Unicode>
                    </TextEquiv>
                </Word>
                <Word id="r_10_tl_35_w8" custom="readingOrder {index:7;}">
                    <Coords points="2169,2019 2169,2079 2218,2079 2218,2019"/>
                    <TextEquiv>
                        <Unicode>bis</Unicode>
                    </TextEquiv>
                </Word>
                <Word id="r_10_tl_35_w9" custom="readingOrder {index:8;}">
                    <Coords points="2252,2021 2252,2081 2290,2081 2290,2021"/>
                    <TextEquiv>
                        <Unicode>au</Unicode>
                    </TextEquiv>
                </Word>
                <TextEquiv>
                    <Unicode>in Ansehung der Frage, warum es sey, bis au</Unicode>
                </TextEquiv>
            </TextLine>
            <TextLine id="r_10_tl_36" custom="readingOrder {index:35;}">
                <Coords points="1282,2115 2312,2125 2312,2076 2239,2066 1282,2076"/>
                <Baseline points="1295,2107 1340,2107 1385,2107 1430,2107 1474,2107 1519,2107 1564,2107 1609,2107 1653,2110 1698,2110 1743,2110 1788,2110 1833,2113 1877,2113 1922,2110 1967,2113 2012,2113 2057,2110 2101,2110 2146,2110 2191,2107 2236,2110 2280,2113 2319,2113"/>
                <Word id="r_10_tl_36_w1" custom="readingOrder {index:0;}">
                    <Coords points="1288,2067 1288,2127 1357,2127 1357,2067"/>
                    <TextEquiv>
                        <Unicode>eine</Unicode>
                    </TextEquiv>
                </Word>
                <Word id="r_10_tl_36_w2" custom="readingOrder {index:1;}">
                    <Coords points="1385,2067 1385,2127 1460,2127 1460,2067"/>
                    <TextEquiv>
                        <Unicode>etwa</Unicode>
                    </TextEquiv>
                </Word>
                <Word id="r_10_tl_36_w3" custom="readingOrder {index:2;}">
                    <Coords points="1493,2067 1493,2127 1628,2127 1628,2067"/>
                    <TextEquiv>
                        <Unicode>größere</Unicode>
                    </TextEquiv>
                </Word>
                <Word id="r_10_tl_36_w4" custom="readingOrder {index:3;}">
                    <Coords points="1656,2070 1656,2130 1898,2130 1898,2070"/>
                    <TextEquiv>
                        <Unicode>Erfahrenheit</Unicode>
                    </TextEquiv>
                </Word>
                <Word id="r_10_tl_36_w5" custom="readingOrder {index:4;}">
                    <Coords points="1915,2073 1915,2133 2104,2133 2104,2073"/>
                    <TextEquiv>
                        <Unicode>schmachten</Unicode>
                    </TextEquiv>
                </Word>
                <Word id="r_10_tl_36_w6" custom="readingOrder {index:5;}">
                    <Coords points="2132,2069 2132,2129 2163,2129 2163,2069"/>
                    <TextEquiv>
                        <Unicode>zu</Unicode>
                    </TextEquiv>
                </Word>
                <Word id="r_10_tl_36_w7" custom="readingOrder {index:6;}">
                    <Coords points="2197,2071 2197,2131 2309,2131 2309,2071"/>
                    <TextEquiv>
                        <Unicode>lassen.</Unicode>
                    </TextEquiv>
                </Word>
                <TextEquiv>
                    <Unicode>eine etwa größere Erfahrenheit schmachten zu lassen.</Unicode>
                </TextEquiv>
            </TextLine>
            <TextLine id="r_10_tl_37" custom="readingOrder {index:36;}">
                <Coords points="1274,2164 2312,2172 2286,2120 1274,2120"/>
                <Baseline points="1289,2155 1334,2158 1379,2158 1424,2158 1468,2158 1513,2158 1558,2158 1603,2158 1648,2158 1692,2158 1737,2158 1782,2158 1827,2158 1871,2161 1916,2161 1961,2158 2006,2161 2051,2161 2095,2161 2140,2161 2185,2161 2230,2161 2274,2161 2319,2161"/>
                <Word id="r_10_tl_37_w1" custom="readingOrder {index:0;}">
                    <Coords points="1279,2118 1279,2178 1481,2178 1481,2118"/>
                    <TextEquiv>
                        <Unicode>Ungeachtet</Unicode>
                    </TextEquiv>
                </Word>
                <Word id="r_10_tl_37_w2" custom="readingOrder {index:1;}">
                    <Coords points="1502,2118 1502,2178 1553,2178 1553,2118"/>
                    <TextEquiv>
                        <Unicode>der</Unicode>
                    </TextEquiv>
                </Word>
                <Word id="r_10_tl_37_w3" custom="readingOrder {index:2;}">
                    <Coords points="1580,2118 1580,2178 1678,2178 1678,2118"/>
                    <TextEquiv>
                        <Unicode>vielen</Unicode>
                    </TextEquiv>
                </Word>
                <Word id="r_10_tl_37_w4" custom="readingOrder {index:3;}">
                    <Coords points="1710,2118 1710,2178 1932,2178 1932,2118"/>
                    <TextEquiv>
                        <Unicode>vortreflichen</Unicode>
                    </TextEquiv>
                </Word>
                <Word id="r_10_tl_37_w5" custom="readingOrder {index:4;}">
                    <Coords points="1964,2121 1964,2181 2248,2181 2248,2121"/>
                    <TextEquiv>
                        <Unicode>Bemerkungen,</Unicode>
                    </TextEquiv>
                </Word>
                <Word id="r_10_tl_37_w6" custom="readingOrder {index:5;}">
                    <Coords points="2259,2121 2259,2181 2305,2181 2305,2121"/>
                    <TextEquiv>
                        <Unicode>die</Unicode>
                    </TextEquiv>
                </Word>
                <TextEquiv>
                    <Unicode>Ungeachtet der vielen vortreflichen Bemerkungen, die</Unicode>
                </TextEquiv>
            </TextLine>
            <TextLine id="r_10_tl_38" custom="readingOrder {index:37;}">
                <Coords points="1274,2211 2312,2221 2294,2177 1274,2162"/>
                <Baseline points="1289,2203 1334,2206 1379,2209 1424,2206 1468,2206 1513,2206 1558,2206 1603,2203 1648,2206 1692,2206 1737,2206 1782,2206 1827,2209 1871,2212 1916,2212 1961,2209 2006,2209 2051,2212 2095,2212 2140,2215 2185,2215 2230,2212 2274,2212 2319,2215"/>
                <Word id="r_10_tl_38_w1" custom="readingOrder {index:0;}">
                    <Coords points="1279,2165 1279,2225 1388,2225 1388,2165"/>
                    <TextEquiv>
                        <Unicode>keinen</Unicode>
                    </TextEquiv>
                </Word>
                <Word id="r_10_tl_38_w2" custom="readingOrder {index:1;}">
                    <Coords points="1414,2166 1414,2226 1502,2226 1502,2166"/>
                    <TextEquiv>
                        <Unicode>Leser</Unicode>
                    </TextEquiv>
                </Word>
                <Word id="r_10_tl_38_w3" custom="readingOrder {index:2;}">
                    <Coords points="1529,2164 1529,2224 1627,2224 1627,2164"/>
                    <TextEquiv>
                        <Unicode>dieses</Unicode>
                    </TextEquiv>
                </Word>
                <Word id="r_10_tl_38_w4" custom="readingOrder {index:3;}">
                    <Coords points="1664,2166 1664,2226 1783,2226 1783,2166"/>
                    <TextEquiv>
                        <Unicode>Buchs</Unicode>
                    </TextEquiv>
                </Word>
                <Word id="r_10_tl_38_w5" custom="readingOrder {index:4;}">
                    <Coords points="1816,2169 1816,2229 2081,2229 2081,2169"/>
                    <TextEquiv>
                        <Unicode>ununterrichtet</Unicode>
                    </TextEquiv>
                </Word>
                <Word id="r_10_tl_38_w6" custom="readingOrder {index:5;}">
                    <Coords points="2108,2175 2108,2235 2195,2235 2195,2175"/>
                    <TextEquiv>
                        <Unicode>laßen</Unicode>
                    </TextEquiv>
                </Word>
                <Word id="r_10_tl_38_w7" custom="readingOrder {index:6;}">
                    <Coords points="2232,2172 2232,2232 2315,2232 2315,2172"/>
                    <TextEquiv>
                        <Unicode>wer¬</Unicode>
                    </TextEquiv>
                </Word>
                <TextEquiv>
                    <Unicode>keinen Leser dieses Buchs ununterrichtet laßen wer¬</Unicode>
                </TextEquiv>
            </TextLine>
            <TextLine id="r_10_tl_39" custom="readingOrder {index:38;}">
                <Coords points="1274,2271 2312,2281 2312,2224 2224,2214 1274,2211"/>
                <Baseline points="1289,2254 1334,2254 1379,2254 1424,2257 1468,2254 1513,2257 1558,2254 1603,2254 1648,2257 1692,2254 1737,2257 1782,2260 1827,2263 1871,2263 1916,2260 1961,2260 2006,2257 2051,2260 2095,2260 2140,2260 2185,2260 2230,2263 2274,2263 2319,2266"/>
                <Word id="r_10_tl_39_w1" custom="readingOrder {index:0;}">
                    <Coords points="1281,2214 1281,2274 1360,2274 1360,2214"/>
                    <TextEquiv>
                        <Unicode>den,</Unicode>
                    </TextEquiv>
                </Word>
                <Word id="r_10_tl_39_w2" custom="readingOrder {index:1;}">
                    <Coords points="1383,2216 1383,2276 1486,2276 1486,2216"/>
                    <TextEquiv>
                        <Unicode>fehlet</Unicode>
                    </TextEquiv>
                </Word>
                <Word id="r_10_tl_39_w3" custom="readingOrder {index:2;}">
                    <Coords points="1509,2215 1509,2275 1577,2275 1577,2215"/>
                    <TextEquiv>
                        <Unicode>doch</Unicode>
                    </TextEquiv>
                </Word>
                <Word id="r_10_tl_39_w4" custom="readingOrder {index:3;}">
                    <Coords points="1600,2216 1600,2276 1669,2276 1669,2216"/>
                    <TextEquiv>
                        <Unicode>sehr</Unicode>
                    </TextEquiv>
                </Word>
                <Word id="r_10_tl_39_w5" custom="readingOrder {index:4;}">
                    <Coords points="1698,2216 1698,2276 1765,2276 1765,2216"/>
                    <TextEquiv>
                        <Unicode>viel</Unicode>
                    </TextEquiv>
                </Word>
                <Word id="r_10_tl_39_w6" custom="readingOrder {index:5;}">
                    <Coords points="1783,2223 1783,2283 1914,2283 1914,2223"/>
                    <TextEquiv>
                        <Unicode>daran,</Unicode>
                    </TextEquiv>
                </Word>
                <Word id="r_10_tl_39_w7" custom="readingOrder {index:6;}">
                    <Coords points="1943,2219 1943,2279 1995,2279 1995,2219"/>
                    <TextEquiv>
                        <Unicode>daß</Unicode>
                    </TextEquiv>
                </Word>
                <Word id="r_10_tl_39_w8" custom="readingOrder {index:7;}">
                    <Coords points="2024,2220 2024,2280 2114,2280 2114,2220"/>
                    <TextEquiv>
                        <Unicode>unser</Unicode>
                    </TextEquiv>
                </Word>
                <Word id="r_10_tl_39_w9" custom="readingOrder {index:8;}">
                    <Coords points="2144,2222 2144,2282 2309,2282 2309,2222"/>
                    <TextEquiv>
                        <Unicode>Verfaßer</Unicode>
                    </TextEquiv>
                </Word>
                <TextEquiv>
                    <Unicode>den, fehlet doch sehr viel daran, daß unser Verfaßer</Unicode>
                </TextEquiv>
            </TextLine>
            <TextLine id="r_10_tl_40" custom="readingOrder {index:39;}">
                <Coords points="1282,2312 2312,2325 2312,2281 2198,2268 1282,2268"/>
                <Baseline points="1295,2304 1340,2304 1385,2304 1430,2304 1474,2307 1519,2304 1564,2304 1609,2304 1653,2304 1698,2307 1743,2307 1788,2310 1833,2310 1877,2310 1922,2307 1967,2307 2012,2307 2057,2307 2101,2307 2146,2307 2191,2307 2236,2310 2280,2310 2319,2313"/>
                <Word id="r_10_tl_40_w1" custom="readingOrder {index:0;}">
                    <Coords points="1287,2264 1287,2324 1504,2324 1504,2264"/>
                    <TextEquiv>
                        <Unicode>denjenigen,</Unicode>
                    </TextEquiv>
                </Word>
                <Word id="r_10_tl_40_w2" custom="readingOrder {index:1;}">
                    <Coords points="1525,2264 1525,2324 1658,2324 1658,2264"/>
                    <TextEquiv>
                        <Unicode>welcher</Unicode>
                    </TextEquiv>
                </Word>
                <Word id="r_10_tl_40_w3" custom="readingOrder {index:2;}">
                    <Coords points="1685,2267 1685,2327 1748,2327 1748,2267"/>
                    <TextEquiv>
                        <Unicode>mit</Unicode>
                    </TextEquiv>
                </Word>
                <Word id="r_10_tl_40_w4" custom="readingOrder {index:3;}">
                    <Coords points="1769,2270 1769,2330 1817,2330 1817,2270"/>
                    <TextEquiv>
                        <Unicode>der</Unicode>
                    </TextEquiv>
                </Word>
                <Word id="r_10_tl_40_w5" custom="readingOrder {index:4;}">
                    <Coords points="1844,2267 1844,2327 2013,2327 2013,2267"/>
                    <TextEquiv>
                        <Unicode>Begierde</Unicode>
                    </TextEquiv>
                </Word>
                <Word id="r_10_tl_40_w6" custom="readingOrder {index:5;}">
                    <Coords points="2035,2267 2035,2327 2119,2327 2119,2267"/>
                    <TextEquiv>
                        <Unicode>liest,</Unicode>
                    </TextEquiv>
                </Word>
                <Word id="r_10_tl_40_w7" custom="readingOrder {index:6;}">
                    <Coords points="2146,2267 2146,2327 2230,2327 2230,2267"/>
                    <TextEquiv>
                        <Unicode>einen</Unicode>
                    </TextEquiv>
                </Word>
                <Word id="r_10_tl_40_w8" custom="readingOrder {index:7;}">
                    <Coords points="2257,2270 2257,2330 2315,2330 2315,2270"/>
                    <TextEquiv>
                        <Unicode>an¬</Unicode>
                    </TextEquiv>
                </Word>
                <TextEquiv>
                    <Unicode>denjenigen, welcher mit der Begierde liest, einen an¬</Unicode>
                </TextEquiv>
            </TextLine>
            <TextLine id="r_10_tl_41" custom="readingOrder {index:40;}">
                <Coords points="1282,2372 2310,2364 2310,2325 2252,2312 1282,2312"/>
                <Baseline points="1295,2361 1340,2355 1385,2358 1430,2358 1474,2358 1519,2355 1564,2352 1609,2355 1653,2355 1698,2355 1743,2358 1788,2361 1833,2361 1877,2361 1922,2358 1967,2355 2012,2355 2057,2355 2101,2355 2146,2355 2191,2358 2236,2358 2280,2358 2316,2361"/>
                <Word id="r_10_tl_41_w1" custom="readingOrder {index:0;}">
                    <Coords points="1288,2318 1288,2378 1488,2378 1488,2318"/>
                    <TextEquiv>
                        <Unicode>gefangenen</Unicode>
                    </TextEquiv>
                </Word>
                <Word id="r_10_tl_41_w2" custom="readingOrder {index:1;}">
                    <Coords points="1521,2313 1521,2373 1651,2373 1651,2313"/>
                    <TextEquiv>
                        <Unicode>Begrif</Unicode>
                    </TextEquiv>
                </Word>
                <Word id="r_10_tl_41_w3" custom="readingOrder {index:2;}">
                    <Coords points="1668,2318 1668,2378 1830,2378 1830,2318"/>
                    <TextEquiv>
                        <Unicode>vollendet</Unicode>
                    </TextEquiv>
                </Word>
                <Word id="r_10_tl_41_w4" custom="readingOrder {index:3;}">
                    <Coords points="1852,2321 1852,2381 1884,2381 1884,2321"/>
                    <TextEquiv>
                        <Unicode>zu</Unicode>
                    </TextEquiv>
                </Word>
                <Word id="r_10_tl_41_w5" custom="readingOrder {index:4;}">
                    <Coords points="1912,2315 1912,2375 2025,2375 2025,2315"/>
                    <TextEquiv>
                        <Unicode>sehen,</Unicode>
                    </TextEquiv>
                </Word>
                <Word id="r_10_tl_41_w6" custom="readingOrder {index:5;}">
                    <Coords points="2053,2315 2053,2375 2150,2375 2150,2315"/>
                    <TextEquiv>
                        <Unicode>völlig</Unicode>
                    </TextEquiv>
                </Word>
                <Word id="r_10_tl_41_w7" custom="readingOrder {index:6;}">
                    <Coords points="2178,2318 2178,2378 2205,2378 2205,2318"/>
                    <TextEquiv>
                        <Unicode>zu</Unicode>
                    </TextEquiv>
                </Word>
                <Word id="r_10_tl_41_w8" custom="readingOrder {index:7;}">
                    <Coords points="2238,2318 2238,2378 2313,2378 2313,2318"/>
                    <TextEquiv>
                        <Unicode>frie¬</Unicode>
                    </TextEquiv>
                </Word>
                <TextEquiv>
                    <Unicode>gefangenen Begrif vollendet zu sehen, völlig zu frie¬</Unicode>
                </TextEquiv>
            </TextLine>
            <TextLine id="r_10_tl_42" custom="readingOrder {index:41;}">
                <Coords points="1282,2416 2307,2419 2286,2364 1282,2369"/>
                <Baseline points="1295,2406 1340,2406 1385,2406 1430,2409 1474,2409 1519,2406 1564,2403 1609,2403 1653,2403 1698,2406 1743,2409 1788,2409 1833,2409 1877,2409 1922,2409 1967,2406 2012,2406 2057,2406 2101,2406 2146,2406 2191,2406 2236,2409 2280,2409 2313,2412"/>
                <Word id="r_10_tl_42_w1" custom="readingOrder {index:0;}">
                    <Coords points="1288,2366 1288,2426 1343,2426 1343,2366"/>
                    <TextEquiv>
                        <Unicode>den</Unicode>
                    </TextEquiv>
                </Word>
                <Word id="r_10_tl_42_w2" custom="readingOrder {index:1;}">
                    <Coords points="1371,2368 1371,2428 1471,2428 1471,2368"/>
                    <TextEquiv>
                        <Unicode>stelle.</Unicode>
                    </TextEquiv>
                </Word>
                <Word id="r_10_tl_42_w3" custom="readingOrder {index:2;}">
                    <Coords points="1521,2363 1521,2423 1593,2423 1593,2363"/>
                    <TextEquiv>
                        <Unicode>Die</Unicode>
                    </TextEquiv>
                </Word>
                <Word id="r_10_tl_42_w4" custom="readingOrder {index:3;}">
                    <Coords points="1616,2368 1616,2428 1843,2428 1843,2368"/>
                    <TextEquiv>
                        <Unicode>Erklärungen</Unicode>
                    </TextEquiv>
                </Word>
                <Word id="r_10_tl_42_w5" custom="readingOrder {index:4;}">
                    <Coords points="1872,2369 1872,2429 1932,2429 1932,2369"/>
                    <TextEquiv>
                        <Unicode>sind</Unicode>
                    </TextEquiv>
                </Word>
                <Word id="r_10_tl_42_w6" custom="readingOrder {index:5;}">
                    <Coords points="1960,2366 1960,2426 2054,2426 2054,2366"/>
                    <TextEquiv>
                        <Unicode>denen</Unicode>
                    </TextEquiv>
                </Word>
                <Word id="r_10_tl_42_w7" custom="readingOrder {index:6;}">
                    <Coords points="2083,2366 2083,2426 2310,2426 2310,2366"/>
                    <TextEquiv>
                        <Unicode>Ausdrücken,</Unicode>
                    </TextEquiv>
                </Word>
                <TextEquiv>
                    <Unicode>den stelle. Die Erklärungen sind denen Ausdrücken,</Unicode>
                </TextEquiv>
            </TextLine>
            <TextLine id="r_10_tl_43" custom="readingOrder {index:42;}">
                <Coords points="1292,2473 2310,2473 2310,2424 2234,2413 1292,2419"/>
                <Baseline points="1307,2457 1352,2454 1397,2457 1442,2454 1486,2454 1531,2451 1576,2451 1621,2454 1665,2454 1710,2457 1755,2457 1800,2457 1845,2460 1889,2460 1934,2457 1979,2454 2024,2454 2068,2451 2113,2454 2158,2454 2203,2457 2248,2457 2292,2460 2316,2466"/>
                <Word id="r_10_tl_43_w1" custom="readingOrder {index:0;}">
                    <Coords points="1293,2416 1293,2476 1507,2476 1507,2416"/>
                    <TextEquiv>
                        <Unicode>(wenigstens</Unicode>
                    </TextEquiv>
                </Word>
                <Word id="r_10_tl_43_w2" custom="readingOrder {index:1;}">
                    <Coords points="1536,2411 1536,2471 1564,2471 1564,2411"/>
                    <TextEquiv>
                        <Unicode>in</Unicode>
                    </TextEquiv>
                </Word>
                <Word id="r_10_tl_43_w3" custom="readingOrder {index:2;}">
                    <Coords points="1605,2414 1605,2474 1655,2474 1655,2414"/>
                    <TextEquiv>
                        <Unicode>der</Unicode>
                    </TextEquiv>
                </Word>
                <Word id="r_10_tl_43_w4" custom="readingOrder {index:3;}">
                    <Coords points="1684,2417 1684,2477 1938,2477 1938,2417"/>
                    <TextEquiv>
                        <Unicode>Uebersetzung)</Unicode>
                    </TextEquiv>
                </Word>
                <Word id="r_10_tl_43_w5" custom="readingOrder {index:4;}">
                    <Coords points="1967,2414 1967,2474 2069,2474 2069,2414"/>
                    <TextEquiv>
                        <Unicode>öfters</Unicode>
                    </TextEquiv>
                </Word>
                <Word id="r_10_tl_43_w6" custom="readingOrder {index:5;}">
                    <Coords points="2104,2414 2104,2474 2194,2474 2194,2414"/>
                    <TextEquiv>
                        <Unicode>nicht</Unicode>
                    </TextEquiv>
                </Word>
                <Word id="r_10_tl_43_w7" custom="readingOrder {index:6;}">
                    <Coords points="2217,2418 2217,2478 2312,2478 2312,2418"/>
                    <TextEquiv>
                        <Unicode>wohl</Unicode>
                    </TextEquiv>
                </Word>
                <TextEquiv>
                    <Unicode>(wenigstens in der Uebersetzung) öfters nicht wohl</Unicode>
                </TextEquiv>
            </TextLine>
            <TextLine id="r_10_tl_44" custom="readingOrder {index:43;}">
                <Coords points="1274,2512 2310,2522 2310,2473 2211,2457 1274,2483"/>
                <Baseline points="1289,2504 1334,2507 1379,2504 1424,2504 1468,2501 1513,2501 1558,2501 1603,2504 1648,2504 1692,2507 1737,2507 1782,2507 1827,2510 1871,2507 1916,2507 1961,2504 2006,2501 2051,2501 2095,2504 2140,2504 2185,2507 2230,2510 2274,2510 2313,2513"/>
                <Word id="r_10_tl_44_w1" custom="readingOrder {index:0;}">
                    <Coords points="1281,2464 1281,2524 1525,2524 1525,2464"/>
                    <TextEquiv>
                        <Unicode>angemessen;</Unicode>
                    </TextEquiv>
                </Word>
                <Word id="r_10_tl_44_w2" custom="readingOrder {index:1;}">
                    <Coords points="1560,2462 1560,2522 1610,2522 1610,2462"/>
                    <TextEquiv>
                        <Unicode>die</Unicode>
                    </TextEquiv>
                </Word>
                <Word id="r_10_tl_44_w3" custom="readingOrder {index:2;}">
                    <Coords points="1640,2467 1640,2527 1902,2527 1902,2467"/>
                    <TextEquiv>
                        <Unicode>Eintheilungen</Unicode>
                    </TextEquiv>
                </Word>
                <Word id="r_10_tl_44_w4" custom="readingOrder {index:3;}">
                    <Coords points="1942,2463 1942,2523 2005,2523 2005,2463"/>
                    <TextEquiv>
                        <Unicode>sind</Unicode>
                    </TextEquiv>
                </Word>
                <Word id="r_10_tl_44_w5" custom="readingOrder {index:4;}">
                    <Coords points="2045,2466 2045,2526 2312,2526 2312,2466"/>
                    <TextEquiv>
                        <Unicode>mannigfaltig,</Unicode>
                    </TextEquiv>
                </Word>
                <TextEquiv>
                    <Unicode>angemessen; die Eintheilungen sind mannigfaltig,</Unicode>
                </TextEquiv>
            </TextLine>
            <TextLine id="r_10_tl_45" custom="readingOrder {index:44;}">
                <Coords points="223,2566 2310,2579 2310,2522 2130,2512 223,2522"/>
                <Baseline points="238,2555 283,2549 328,2549 373,2552 417,2552 462,2552 507,2552 552,2552 597,2552 641,2552 686,2552 731,2552 776,2549 821,2549 865,2552 910,2552 955,2555 1000,2555 1044,2555 1089,2555 1134,2555 1179,2552 1224,2555 1265,2558 1289,2555 1334,2555 1379,2552 1424,2555 1468,2552 1513,2552 1558,2552 1603,2552 1648,2552 1692,2555 1737,2558 1782,2558 1827,2558 1871,2558 1916,2555 1961,2555 2006,2552 2051,2552 2095,2552 2140,2555 2185,2555 2230,2561 2274,2564 2313,2561"/>
                <Word id="r_10_tl_45_w1" custom="readingOrder {index:0;}">
                    <Coords points="229,2514 229,2574 260,2574 260,2514"/>
                    <TextEquiv>
                        <Unicode>zu</Unicode>
                    </TextEquiv>
                </Word>
                <Word id="r_10_tl_45_w2" custom="readingOrder {index:1;}">
                    <Coords points="293,2512 293,2572 460,2572 460,2512"/>
                    <TextEquiv>
                        <Unicode>regieren,</Unicode>
                    </TextEquiv>
                </Word>
                <Word id="r_10_tl_45_w3" custom="readingOrder {index:2;}">
                    <Coords points="488,2512 488,2572 563,2572 563,2512"/>
                    <TextEquiv>
                        <Unicode>oder</Unicode>
                    </TextEquiv>
                </Word>
                <Word id="r_10_tl_45_w4" custom="readingOrder {index:3;}">
                    <Coords points="585,2512 585,2572 633,2572 633,2512"/>
                    <TextEquiv>
                        <Unicode>die</Unicode>
                    </TextEquiv>
                </Word>
                <Word id="r_10_tl_45_w5" custom="readingOrder {index:4;}">
                    <Coords points="655,2510 655,2570 838,2570 838,2510"/>
                    <TextEquiv>
                        <Unicode>Erfindung</Unicode>
                    </TextEquiv>
                </Word>
                <Word id="r_10_tl_45_w6" custom="readingOrder {index:5;}">
                    <Coords points="866,2512 866,2572 952,2572 952,2512"/>
                    <TextEquiv>
                        <Unicode>ihrer</Unicode>
                    </TextEquiv>
                </Word>
                <Word id="r_10_tl_45_w7" custom="readingOrder {index:6;}">
                    <Coords points="979,2515 979,2575 1189,2575 1189,2515"/>
                    <TextEquiv>
                        <Unicode>Kunstgriffe</Unicode>
                    </TextEquiv>
                </Word>
                <Word id="r_10_tl_45_w8" custom="readingOrder {index:7;}">
                    <Coords points="1211,2515 1211,2575 1238,2575 1238,2515"/>
                    <TextEquiv>
                        <Unicode>zu</Unicode>
                    </TextEquiv>
                </Word>
                <Word id="r_10_tl_45_w9" custom="readingOrder {index:8;}">
                    <Coords points="1288,2515 1288,2575 1373,2575 1373,2515"/>
                    <TextEquiv>
                        <Unicode>und,</Unicode>
                    </TextEquiv>
                </Word>
                <Word id="r_10_tl_45_w10" custom="readingOrder {index:9;}">
                    <Coords points="1390,2513 1390,2573 1422,2573 1422,2513"/>
                    <TextEquiv>
                        <Unicode>da</Unicode>
                    </TextEquiv>
                </Word>
                <Word id="r_10_tl_45_w11" custom="readingOrder {index:10;}">
                    <Coords points="1450,2512 1450,2572 1492,2572 1492,2512"/>
                    <TextEquiv>
                        <Unicode>sie</Unicode>
                    </TextEquiv>
                </Word>
                <Word id="r_10_tl_45_w12" custom="readingOrder {index:11;}">
                    <Coords points="1514,2512 1514,2572 1665,2572 1665,2512"/>
                    <TextEquiv>
                        <Unicode>einander</Unicode>
                    </TextEquiv>
                </Word>
                <Word id="r_10_tl_45_w13" custom="readingOrder {index:12;}">
                    <Coords points="1693,2518 1693,2578 1794,2578 1794,2518"/>
                    <TextEquiv>
                        <Unicode>wenig</Unicode>
                    </TextEquiv>
                </Word>
                <Word id="r_10_tl_45_w14" custom="readingOrder {index:13;}">
                    <Coords points="1817,2515 1817,2575 2070,2575 2070,2515"/>
                    <TextEquiv>
                        <Unicode>untergeordnet</Unicode>
                    </TextEquiv>
                </Word>
                <Word id="r_10_tl_45_w15" custom="readingOrder {index:14;}">
                    <Coords points="2092,2515 2092,2575 2248,2575 2248,2515"/>
                    <TextEquiv>
                        <Unicode>worden,</Unicode>
                    </TextEquiv>
                </Word>
                <Word id="r_10_tl_45_w16" custom="readingOrder {index:15;}">
                    <Coords points="2276,2522 2276,2582 2302,2582 2302,2522"/>
                    <TextEquiv>
                        <Unicode>so</Unicode>
                    </TextEquiv>
                </Word>
                <TextEquiv>
                    <Unicode>zu regieren, oder die Erfindung ihrer Kunstgriffe zu und, da sie einander wenig untergeordnet worden, so</Unicode>
                </TextEquiv>
            </TextLine>
            <TextLine id="r_10_tl_46" custom="readingOrder {index:45;}">
                <Coords points="1292,2618 2315,2624 2315,2579 2260,2566 1292,2566"/>
                <Baseline points="1307,2606 1352,2603 1397,2603 1442,2600 1486,2600 1531,2603 1576,2603 1621,2603 1665,2606 1710,2606 1755,2609 1800,2609 1845,2609 1889,2606 1934,2603 1979,2603 2024,2603 2068,2603 2113,2606 2158,2609 2203,2609 2248,2609 2292,2612 2322,2609"/>
                <Word id="r_10_tl_46_w1" custom="readingOrder {index:0;}">
                    <Coords points="1287,2565 1287,2625 1350,2625 1350,2565"/>
                    <TextEquiv>
                        <Unicode>sind</Unicode>
                    </TextEquiv>
                </Word>
                <Word id="r_10_tl_46_w2" custom="readingOrder {index:1;}">
                    <Coords points="1374,2563 1374,2623 1408,2623 1408,2563"/>
                    <TextEquiv>
                        <Unicode>sie</Unicode>
                    </TextEquiv>
                </Word>
                <Word id="r_10_tl_46_w3" custom="readingOrder {index:2;}">
                    <Coords points="1432,2560 1432,2620 1490,2620 1490,2560"/>
                    <TextEquiv>
                        <Unicode>aus</Unicode>
                    </TextEquiv>
                </Word>
                <Word id="r_10_tl_46_w4" custom="readingOrder {index:3;}">
                    <Coords points="1520,2563 1520,2623 1671,2623 1671,2563"/>
                    <TextEquiv>
                        <Unicode>Mangel</Unicode>
                    </TextEquiv>
                </Word>
                <Word id="r_10_tl_46_w5" custom="readingOrder {index:4;}">
                    <Coords points="1689,2566 1689,2626 1741,2626 1741,2566"/>
                    <TextEquiv>
                        <Unicode>der</Unicode>
                    </TextEquiv>
                </Word>
                <Word id="r_10_tl_46_w6" custom="readingOrder {index:5;}">
                    <Coords points="1776,2568 1776,2628 1915,2628 1915,2568"/>
                    <TextEquiv>
                        <Unicode>Einheit</Unicode>
                    </TextEquiv>
                </Word>
                <Word id="r_10_tl_46_w7" custom="readingOrder {index:6;}">
                    <Coords points="1945,2563 1945,2623 2032,2623 2032,2563"/>
                    <TextEquiv>
                        <Unicode>nicht</Unicode>
                    </TextEquiv>
                </Word>
                <Word id="r_10_tl_46_w8" custom="readingOrder {index:7;}">
                    <Coords points="2050,2564 2050,2624 2137,2624 2137,2564"/>
                    <TextEquiv>
                        <Unicode>leicht</Unicode>
                    </TextEquiv>
                </Word>
                <Word id="r_10_tl_46_w9" custom="readingOrder {index:8;}">
                    <Coords points="2156,2569 2156,2629 2184,2629 2184,2569"/>
                    <TextEquiv>
                        <Unicode>zu</Unicode>
                    </TextEquiv>
                </Word>
                <Word id="r_10_tl_46_w10" custom="readingOrder {index:9;}">
                    <Coords points="2214,2569 2214,2629 2311,2629 2311,2569"/>
                    <TextEquiv>
                        <Unicode>über¬</Unicode>
                    </TextEquiv>
                </Word>
                <TextEquiv>
                    <Unicode>sind sie aus Mangel der Einheit nicht leicht zu über¬</Unicode>
                </TextEquiv>
            </TextLine>
            <TextLine id="r_10_tl_47" custom="readingOrder {index:46;}">
                <Coords points="1287,2670 2310,2675 2307,2618 1285,2618"/>
                <Baseline points="1301,2654 1346,2654 1391,2651 1436,2648 1480,2648 1525,2648 1570,2651 1615,2651 1659,2657 1704,2657 1749,2657 1794,2657 1839,2657 1883,2654 1928,2654 1973,2654 2018,2651 2063,2654 2107,2657 2152,2660 2197,2660 2242,2660 2286,2660 2313,2660"/>
                <Word id="r_10_tl_47_w1" custom="readingOrder {index:0;}">
                    <Coords points="1291,2613 1291,2673 1412,2673 1412,2613"/>
                    <TextEquiv>
                        <Unicode>sehen;</Unicode>
                    </TextEquiv>
                </Word>
                <Word id="r_10_tl_47_w2" custom="readingOrder {index:1;}">
                    <Coords points="1440,2608 1440,2668 1489,2668 1489,2608"/>
                    <TextEquiv>
                        <Unicode>die</Unicode>
                    </TextEquiv>
                </Word>
                <Word id="r_10_tl_47_w3" custom="readingOrder {index:2;}">
                    <Coords points="1507,2611 1507,2671 1683,2671 1683,2611"/>
                    <TextEquiv>
                        <Unicode>Beyspiele</Unicode>
                    </TextEquiv>
                </Word>
                <Word id="r_10_tl_47_w4" custom="readingOrder {index:3;}">
                    <Coords points="1706,2617 1706,2677 1805,2677 1805,2617"/>
                    <TextEquiv>
                        <Unicode>aber,</Unicode>
                    </TextEquiv>
                </Word>
                <Word id="r_10_tl_47_w5" custom="readingOrder {index:4;}">
                    <Coords points="1827,2614 1827,2674 1943,2674 1943,2614"/>
                    <TextEquiv>
                        <Unicode>welche</Unicode>
                    </TextEquiv>
                </Word>
                <Word id="r_10_tl_47_w6" custom="readingOrder {index:5;}">
                    <Coords points="1966,2613 1966,2673 1998,2673 1998,2613"/>
                    <TextEquiv>
                        <Unicode>er</Unicode>
                    </TextEquiv>
                </Word>
                <Word id="r_10_tl_47_w7" custom="readingOrder {index:6;}">
                    <Coords points="2026,2612 2026,2672 2053,2672 2053,2612"/>
                    <TextEquiv>
                        <Unicode>in</Unicode>
                    </TextEquiv>
                </Word>
                <Word id="r_10_tl_47_w8" custom="readingOrder {index:7;}">
                    <Coords points="2087,2620 2087,2680 2219,2680 2219,2620"/>
                    <TextEquiv>
                        <Unicode>Sachen</Unicode>
                    </TextEquiv>
                </Word>
                <Word id="r_10_tl_47_w9" custom="readingOrder {index:8;}">
                    <Coords points="2248,2620 2248,2680 2297,2680 2297,2620"/>
                    <TextEquiv>
                        <Unicode>des</Unicode>
                    </TextEquiv>
                </Word>
                <TextEquiv>
                    <Unicode>sehen; die Beyspiele aber, welche er in Sachen des</Unicode>
                </TextEquiv>
            </TextLine>
            <TextLine id="r_10_tl_48" custom="readingOrder {index:47;}">
                <Coords points="1285,2709 2307,2720 2307,2673 2081,2655 1285,2670"/>
                <Baseline points="1298,2701 1343,2701 1388,2701 1433,2698 1477,2698 1522,2698 1567,2698 1612,2701 1656,2701 1701,2707 1746,2707 1791,2704 1836,2704 1880,2701 1925,2704 1970,2701 2015,2704 2060,2704 2104,2707 2149,2710 2194,2710 2239,2707 2283,2710 2313,2707"/>
                <Word id="r_10_tl_48_w1" custom="readingOrder {index:0;}">
                    <Coords points="1290,2661 1290,2721 1423,2721 1423,2661"/>
                    <TextEquiv>
                        <Unicode>Genies</Unicode>
                    </TextEquiv>
                </Word>
                <Word id="r_10_tl_48_w2" custom="readingOrder {index:1;}">
                    <Coords points="1439,2658 1439,2718 1537,2718 1537,2658"/>
                    <TextEquiv>
                        <Unicode>gerne</Unicode>
                    </TextEquiv>
                </Word>
                <Word id="r_10_tl_48_w3" custom="readingOrder {index:2;}">
                    <Coords points="1558,2659 1558,2719 1614,2719 1614,2659"/>
                    <TextEquiv>
                        <Unicode>von</Unicode>
                    </TextEquiv>
                </Word>
                <Word id="r_10_tl_48_w4" custom="readingOrder {index:3;}">
                    <Coords points="1646,2666 1646,2726 1743,2726 1743,2666"/>
                    <TextEquiv>
                        <Unicode>seinem</Unicode>
                    </TextEquiv>
                </Word>
                <Word id="r_10_tl_48_w5" custom="readingOrder {index:4;}">
                    <Coords points="1785,2661 1785,2721 1970,2721 1970,2661"/>
                    <TextEquiv>
                        <Unicode>beruͤhmten</Unicode>
                    </TextEquiv>
                </Word>
                <Word id="r_10_tl_48_w6" custom="readingOrder {index:5;}">
                    <Coords points="2001,2667 2001,2727 2233,2727 2233,2667"/>
                    <TextEquiv>
                        <Unicode>Landsmann,</Unicode>
                    </TextEquiv>
                </Word>
                <Word id="r_10_tl_48_w7" custom="readingOrder {index:6;}">
                    <Coords points="2239,2668 2239,2728 2284,2728 2284,2668"/>
                    <TextEquiv>
                        <Unicode>dem</Unicode>
                    </TextEquiv>
                </Word>
                <TextEquiv>
                    <Unicode>Genies gerne von seinem beruͤhmten Landsmann, dem</Unicode>
                </TextEquiv>
            </TextLine>
            <TextLine id="r_10_tl_49" custom="readingOrder {index:48;}">
                <Coords points="1285,2771 2193,2779 2310,2764 2310,2717 1282,2709"/>
                <Baseline points="1298,2752 1343,2752 1388,2752 1433,2749 1477,2749 1522,2746 1567,2749 1612,2749 1656,2752 1701,2755 1746,2758 1791,2755 1836,2755 1880,2755 1925,2752 1970,2752 2015,2755 2060,2758 2104,2758 2149,2758 2194,2758 2239,2755 2283,2758 2316,2758"/>
                <Word id="r_10_tl_49_w1" custom="readingOrder {index:0;}">
                    <Coords points="1287,2710 1287,2770 1520,2770 1520,2710"/>
                    <TextEquiv>
                        <Unicode>Shackspear,</Unicode>
                    </TextEquiv>
                </Word>
                <Word id="r_10_tl_49_w2" custom="readingOrder {index:1;}">
                    <Coords points="1537,2709 1537,2769 1701,2769 1701,2709"/>
                    <TextEquiv>
                        <Unicode>entlehnt,</Unicode>
                    </TextEquiv>
                </Word>
                <Word id="r_10_tl_49_w3" custom="readingOrder {index:2;}">
                    <Coords points="1712,2716 1712,2776 1840,2776 1840,2716"/>
                    <TextEquiv>
                        <Unicode>bringen</Unicode>
                    </TextEquiv>
                </Word>
                <Word id="r_10_tl_49_w4" custom="readingOrder {index:3;}">
                    <Coords points="1867,2713 1867,2773 1951,2773 1951,2713"/>
                    <TextEquiv>
                        <Unicode>nicht</Unicode>
                    </TextEquiv>
                </Word>
                <Word id="r_10_tl_49_w5" custom="readingOrder {index:4;}">
                    <Coords points="1963,2715 1963,2775 2079,2775 2079,2715"/>
                    <TextEquiv>
                        <Unicode>immer</Unicode>
                    </TextEquiv>
                </Word>
                <Word id="r_10_tl_49_w6" custom="readingOrder {index:5;}">
                    <Coords points="2101,2718 2101,2778 2148,2778 2148,2718"/>
                    <TextEquiv>
                        <Unicode>die</Unicode>
                    </TextEquiv>
                </Word>
                <Word id="r_10_tl_49_w7" custom="readingOrder {index:6;}">
                    <Coords points="2171,2715 2171,2775 2313,2775 2313,2715"/>
                    <TextEquiv>
                        <Unicode>verspro¬</Unicode>
                    </TextEquiv>
                </Word>
                <TextEquiv>
                    <Unicode>Shackspear, entlehnt, bringen nicht immer die verspro¬</Unicode>
                </TextEquiv>
            </TextLine>
            <TextLine id="r_10_tl_50" custom="readingOrder {index:49;}">
                <Coords points="1274,2813 2304,2818 2304,2764 2258,2761 1274,2779"/>
                <Baseline points="1289,2800 1334,2803 1379,2803 1424,2803 1468,2800 1513,2800 1558,2797 1603,2800 1648,2803 1692,2803 1737,2806 1782,2806 1827,2803 1871,2803 1916,2803 1961,2806 2006,2806 2051,2806 2095,2806 2140,2809 2185,2809 2230,2806 2274,2803 2310,2803"/>
                <Word id="r_10_tl_50_w1" custom="readingOrder {index:0;}">
                    <Coords points="1280,2762 1280,2822 1372,2822 1372,2762"/>
                    <TextEquiv>
                        <Unicode>chene</Unicode>
                    </TextEquiv>
                </Word>
                <Word id="r_10_tl_50_w2" custom="readingOrder {index:1;}">
                    <Coords points="1383,2760 1383,2820 1606,2820 1606,2760"/>
                    <TextEquiv>
                        <Unicode>Empfindung</Unicode>
                    </TextEquiv>
                </Word>
                <Word id="r_10_tl_50_w3" custom="readingOrder {index:2;}">
                    <Coords points="1628,2762 1628,2822 1649,2822 1649,2762"/>
                    <TextEquiv>
                        <Unicode>in</Unicode>
                    </TextEquiv>
                </Word>
                <Word id="r_10_tl_50_w4" custom="readingOrder {index:3;}">
                    <Coords points="1677,2763 1677,2823 1720,2823 1720,2763"/>
                    <TextEquiv>
                        <Unicode>dem</Unicode>
                    </TextEquiv>
                </Word>
                <Word id="r_10_tl_50_w5" custom="readingOrder {index:4;}">
                    <Coords points="1753,2765 1753,2825 1834,2825 1834,2765"/>
                    <TextEquiv>
                        <Unicode>Leser</Unicode>
                    </TextEquiv>
                </Word>
                <Word id="r_10_tl_50_w6" custom="readingOrder {index:5;}">
                    <Coords points="1851,2763 1851,2823 1981,2823 1981,2763"/>
                    <TextEquiv>
                        <Unicode>hervor.</Unicode>
                    </TextEquiv>
                </Word>
                <Word id="r_10_tl_50_w7" custom="readingOrder {index:6;}">
                    <Coords points="1993,2766 1993,2826 2057,2826 2057,2766"/>
                    <TextEquiv>
                        <Unicode>Die</Unicode>
                    </TextEquiv>
                </Word>
                <Word id="r_10_tl_50_w8" custom="readingOrder {index:7;}">
                    <Coords points="2074,2768 2074,2828 2302,2828 2302,2768"/>
                    <TextEquiv>
                        <Unicode>systematische</Unicode>
                    </TextEquiv>
                </Word>
                <TextEquiv>
                    <Unicode>chene Empfindung in dem Leser hervor. Die systematische</Unicode>
                </TextEquiv>
            </TextLine>
            <TextLine id="r_10_tl_51" custom="readingOrder {index:50;}">
                <Coords points="1277,2860 2315,2865 2312,2816 2227,2810 1277,2810"/>
                <Baseline points="1292,2854 1337,2854 1382,2851 1427,2851 1471,2848 1516,2848 1561,2848 1606,2848 1650,2851 1695,2854 1740,2857 1785,2854 1830,2854 1874,2854 1919,2854 1964,2854 2009,2854 2054,2857 2098,2857 2143,2854 2188,2857 2233,2854 2277,2854 2316,2854"/>
                <Word id="r_10_tl_51_w1" custom="readingOrder {index:0;}">
                    <Coords points="1284,2813 1284,2873 1396,2873 1396,2813"/>
                    <TextEquiv>
                        <Unicode>Köpfe</Unicode>
                    </TextEquiv>
                </Word>
                <Word id="r_10_tl_51_w2" custom="readingOrder {index:1;}">
                    <Coords points="1414,2809 1414,2869 1470,2869 1470,2809"/>
                    <TextEquiv>
                        <Unicode>der</Unicode>
                    </TextEquiv>
                </Word>
                <Word id="r_10_tl_51_w3" custom="readingOrder {index:2;}">
                    <Coords points="1488,2808 1488,2868 1669,2868 1669,2808"/>
                    <TextEquiv>
                        <Unicode>Deutschen</Unicode>
                    </TextEquiv>
                </Word>
                <Word id="r_10_tl_51_w4" custom="readingOrder {index:3;}">
                    <Coords points="1698,2816 1698,2876 1806,2876 1806,2816"/>
                    <TextEquiv>
                        <Unicode>könten</Unicode>
                    </TextEquiv>
                </Word>
                <Word id="r_10_tl_51_w5" custom="readingOrder {index:4;}">
                    <Coords points="1841,2814 1841,2874 1999,2874 1999,2814"/>
                    <TextEquiv>
                        <Unicode>vielleicht</Unicode>
                    </TextEquiv>
                </Word>
                <Word id="r_10_tl_51_w6" custom="readingOrder {index:5;}">
                    <Coords points="2022,2816 2022,2876 2073,2876 2073,2816"/>
                    <TextEquiv>
                        <Unicode>die</Unicode>
                    </TextEquiv>
                </Word>
                <Word id="r_10_tl_51_w7" custom="readingOrder {index:6;}">
                    <Coords points="2103,2814 2103,2874 2198,2874 2198,2814"/>
                    <TextEquiv>
                        <Unicode>ersten</Unicode>
                    </TextEquiv>
                </Word>
                <Word id="r_10_tl_51_w8" custom="readingOrder {index:7;}">
                    <Coords points="2227,2814 2227,2874 2306,2874 2306,2814"/>
                    <TextEquiv>
                        <Unicode>Feh¬</Unicode>
                    </TextEquiv>
                </Word>
                <TextEquiv>
                    <Unicode>Köpfe der Deutschen könten vielleicht die ersten Feh¬</Unicode>
                </TextEquiv>
            </TextLine>
            <TextLine id="r_10_tl_52" custom="readingOrder {index:51;}">
                <Coords points="1272,2909 2310,2917 2310,2873 2265,2862 1272,2857"/>
                <Baseline points="1286,2904 1331,2904 1376,2901 1421,2901 1465,2898 1510,2898 1555,2898 1600,2901 1645,2901 1689,2901 1734,2904 1779,2904 1824,2904 1868,2904 1913,2904 1958,2907 2003,2907 2048,2907 2092,2910 2137,2904 2182,2904 2227,2904 2271,2904 2316,2904"/>
                <Word id="r_10_tl_52_w1" custom="readingOrder {index:0;}">
                    <Coords points="1278,2864 1278,2924 1322,2924 1322,2864"/>
                    <TextEquiv>
                        <Unicode>ler</Unicode>
                    </TextEquiv>
                </Word>
                <Word id="r_10_tl_52_w2" custom="readingOrder {index:1;}">
                    <Coords points="1345,2859 1345,2919 1533,2919 1533,2859"/>
                    <TextEquiv>
                        <Unicode>ergänzen,</Unicode>
                    </TextEquiv>
                </Word>
                <Word id="r_10_tl_52_w3" custom="readingOrder {index:2;}">
                    <Coords points="1562,2860 1562,2920 1623,2920 1623,2860"/>
                    <TextEquiv>
                        <Unicode>und</Unicode>
                    </TextEquiv>
                </Word>
                <Word id="r_10_tl_52_w4" custom="readingOrder {index:3;}">
                    <Coords points="1651,2861 1651,2921 1678,2921 1678,2861"/>
                    <TextEquiv>
                        <Unicode>es</Unicode>
                    </TextEquiv>
                </Word>
                <Word id="r_10_tl_52_w5" custom="readingOrder {index:4;}">
                    <Coords points="1701,2863 1701,2923 1739,2923 1739,2863"/>
                    <TextEquiv>
                        <Unicode>ist</Unicode>
                    </TextEquiv>
                </Word>
                <Word id="r_10_tl_52_w6" custom="readingOrder {index:5;}">
                    <Coords points="1762,2864 1762,2924 1789,2924 1789,2864"/>
                    <TextEquiv>
                        <Unicode>zu</Unicode>
                    </TextEquiv>
                </Word>
                <Word id="r_10_tl_52_w7" custom="readingOrder {index:6;}">
                    <Coords points="1818,2864 1818,2924 1990,2924 1990,2864"/>
                    <TextEquiv>
                        <Unicode>glauben:</Unicode>
                    </TextEquiv>
                </Word>
                <Word id="r_10_tl_52_w8" custom="readingOrder {index:7;}">
                    <Coords points="2019,2868 2019,2928 2107,2928 2107,2868"/>
                    <TextEquiv>
                        <Unicode>daß,</Unicode>
                    </TextEquiv>
                </Word>
                <Word id="r_10_tl_52_w9" custom="readingOrder {index:8;}">
                    <Coords points="2135,2864 2135,2924 2218,2924 2218,2864"/>
                    <TextEquiv>
                        <Unicode>wenn</Unicode>
                    </TextEquiv>
                </Word>
                <Word id="r_10_tl_52_w10" custom="readingOrder {index:9;}">
                    <Coords points="2252,2864 2252,2924 2301,2924 2301,2864"/>
                    <TextEquiv>
                        <Unicode>die</Unicode>
                    </TextEquiv>
                </Word>
                <TextEquiv>
                    <Unicode>ler ergänzen, und es ist zu glauben: daß, wenn die</Unicode>
                </TextEquiv>
            </TextLine>
            <TextLine id="r_10_tl_53" custom="readingOrder {index:52;}">
                <Coords points="1269,2995 2317,2966 2317,2922 2255,2909 1269,2917"/>
                <Baseline points="1283,2961 1292,2958 1337,2952 1382,2952 1427,2952 1471,2952 1516,2949 1561,2952 1606,2952 1650,2955 1695,2958 1740,2958 1785,2958 1830,2958 1874,2958 1919,2958 1964,2961 2009,2961 2054,2958 2098,2958 2143,2955 2188,2952 2233,2952 2277,2952 2322,2955"/>
                <Word id="r_10_tl_53_w1" custom="readingOrder {index:0;}">
                    <Coords points="1278,2912 1278,2972 1480,2972 1480,2912"/>
                    <TextEquiv>
                        <Unicode>Probstücke</Unicode>
                    </TextEquiv>
                </Word>
                <Word id="r_10_tl_53_w2" custom="readingOrder {index:1;}">
                    <Coords points="1514,2910 1514,2970 1565,2970 1565,2910"/>
                    <TextEquiv>
                        <Unicode>der</Unicode>
                    </TextEquiv>
                </Word>
                <Word id="r_10_tl_53_w3" custom="readingOrder {index:2;}">
                    <Coords points="1592,2917 1592,2977 1781,2977 1781,2917"/>
                    <TextEquiv>
                        <Unicode>Engländer</Unicode>
                    </TextEquiv>
                </Word>
                <Word id="r_10_tl_53_w4" custom="readingOrder {index:3;}">
                    <Coords points="1815,2918 1815,2978 1893,2978 1893,2918"/>
                    <TextEquiv>
                        <Unicode>über</Unicode>
                    </TextEquiv>
                </Word>
                <Word id="r_10_tl_53_w5" custom="readingOrder {index:4;}">
                    <Coords points="1920,2919 1920,2979 1972,2979 1972,2919"/>
                    <TextEquiv>
                        <Unicode>die</Unicode>
                    </TextEquiv>
                </Word>
                <Word id="r_10_tl_53_w6" custom="readingOrder {index:5;}">
                    <Coords points="1999,2918 1999,2978 2141,2978 2141,2918"/>
                    <TextEquiv>
                        <Unicode>Theorie</Unicode>
                    </TextEquiv>
                </Word>
                <Word id="r_10_tl_53_w7" custom="readingOrder {index:6;}">
                    <Coords points="2163,2912 2163,2972 2214,2972 2214,2912"/>
                    <TextEquiv>
                        <Unicode>des</Unicode>
                    </TextEquiv>
                </Word>
                <Word id="r_10_tl_53_w8" custom="readingOrder {index:7;}">
                    <Coords points="2241,2912 2241,2972 2305,2972 2305,2912"/>
                    <TextEquiv>
                        <Unicode>Ge¬</Unicode>
                    </TextEquiv>
                </Word>
                <TextEquiv>
                    <Unicode>Probstücke der Engländer über die Theorie des Ge¬</Unicode>
                </TextEquiv>
            </TextLine>
            <TextLine id="r_10_tl_54" custom="readingOrder {index:53;}">
                <Coords points="2188,3028 2211,3028 2234,3044 2247,3034 2263,3044 2281,3036 2297,3036 2297,2961 2271,2961 2263,2966 2245,2963 2229,2953 2201,2969 2188,2969"/>
                <Baseline points="2203,3009 2215,3006 2260,3006 2304,3006"/>
                <Word id="r_10_tl_54_w1" custom="readingOrder {index:0;}">
                    <Coords points="2192,2966 2192,3026 2290,3026 2290,2966"/>
                    <TextEquiv>
                        <Unicode>fühls</Unicode>
                    </TextEquiv>
                </Word>
                <TextEquiv>
                    <Unicode>fühls</Unicode>
                </TextEquiv>
            </TextLine>
            <TextEquiv>
                <Unicode></Unicode>
            </TextEquiv>
        </TextRegion>
        <TextRegion id="r_11" custom="readingOrder {index:1;}">
            <Coords points="1272,3077 170,3077 170,336 1272,336"/>
            <TextLine id="r_11_tl_1" custom="readingOrder {index:0;}">
                <Coords points="304,407 563,387 1178,415 1178,317 1054,350 973,322 926,353 506,343 462,306 304,337"/>
                <Baseline points="319,391 364,391 409,388 453,391 498,388 543,388 588,385 632,385 677,385 722,385 767,385 812,385 856,382 901,385 946,385 991,382 1035,385 1080,385 1125,385 1170,391 1185,394"/>
                <Word id="r_11_tl_1_w1" custom="readingOrder {index:0;}">
                    <Coords points="313,349 313,409 539,409 539,349"/>
                    <TextEquiv>
                        <Unicode>Chrysologus</Unicode>
                    </TextEquiv>
                </Word>
                <Word id="r_11_tl_1_w2" custom="readingOrder {index:1;}">
                    <Coords points="573,345 573,405 666,405 666,345"/>
                    <TextEquiv>
                        <Unicode>saget</Unicode>
                    </TextEquiv>
                </Word>
                <Word id="r_11_tl_1_w3" custom="readingOrder {index:2;}">
                    <Coords points="693,345 693,405 820,405 820,345"/>
                    <TextEquiv>
                        <Unicode>allezeit</Unicode>
                    </TextEquiv>
                </Word>
                <Word id="r_11_tl_1_w4" custom="readingOrder {index:3;}">
                    <Coords points="847,344 847,404 926,404 926,344"/>
                    <TextEquiv>
                        <Unicode>seine</Unicode>
                    </TextEquiv>
                </Word>
                <Word id="r_11_tl_1_w5" custom="readingOrder {index:4;}">
                    <Coords points="960,345 960,405 1173,405 1173,345"/>
                    <TextEquiv>
                        <Unicode>Meynung;</Unicode>
                    </TextEquiv>
                </Word>
                <TextEquiv>
                    <Unicode>Chrysologus saget allezeit seine Meynung;</Unicode>
                </TextEquiv>
            </TextLine>
            <TextLine id="r_11_tl_2" custom="readingOrder {index:1;}">
                <Coords points="304,449 939,436 1150,467 1150,405 1111,394 304,405"/>
                <Baseline points="319,438 349,438 394,438 438,435 483,435 528,435 573,435 618,435 662,432 707,432 752,432 797,435 841,432 886,432 931,432 976,432 1021,435 1065,435 1110,435 1155,435"/>
                <Word id="r_11_tl_2_w1" custom="readingOrder {index:0;}">
                    <Coords points="310,398 310,458 361,458 361,398"/>
                    <TextEquiv>
                        <Unicode>Er</Unicode>
                    </TextEquiv>
                </Word>
                <Word id="r_11_tl_2_w2" custom="readingOrder {index:1;}">
                    <Coords points="395,396 395,456 434,456 434,396"/>
                    <TextEquiv>
                        <Unicode>ist</Unicode>
                    </TextEquiv>
                </Word>
                <Word id="r_11_tl_2_w3" custom="readingOrder {index:2;}">
                    <Coords points="463,395 463,455 513,455 513,395"/>
                    <TextEquiv>
                        <Unicode>der</Unicode>
                    </TextEquiv>
                </Word>
                <Word id="r_11_tl_2_w4" custom="readingOrder {index:3;}">
                    <Coords points="542,395 542,455 654,455 654,395"/>
                    <TextEquiv>
                        <Unicode>wahre</Unicode>
                    </TextEquiv>
                </Word>
                <Word id="r_11_tl_2_w5" custom="readingOrder {index:4;}">
                    <Coords points="689,392 689,452 830,452 830,392"/>
                    <TextEquiv>
                        <Unicode>Grieche</Unicode>
                    </TextEquiv>
                </Word>
                <Word id="r_11_tl_2_w6" custom="readingOrder {index:5;}">
                    <Coords points="865,392 865,452 915,452 915,392"/>
                    <TextEquiv>
                        <Unicode>des</Unicode>
                    </TextEquiv>
                </Word>
                <Word id="r_11_tl_2_w7" custom="readingOrder {index:6;}">
                    <Coords points="950,395 950,455 1147,455 1147,395"/>
                    <TextEquiv>
                        <Unicode>Juvenals.</Unicode>
                    </TextEquiv>
                </Word>
                <TextEquiv>
                    <Unicode>Er ist der wahre Grieche des Juvenals.</Unicode>
                </TextEquiv>
            </TextLine>
            <TextLine id="r_11_tl_3" custom="readingOrder {index:2;}">
                <Coords points="309,493 1007,501 1007,452 939,436 309,452"/>
                <Baseline points="322,486 340,489 385,486 429,486 474,486 519,483 564,483 609,486 653,483 698,486 743,483 788,486 832,483 877,483 922,480 967,483 1012,483"/>
                <Word id="r_11_tl_3_w1" custom="readingOrder {index:0;}">
                    <Coords points="315,448 315,508 377,508 377,448"/>
                    <TextEquiv>
                        <Unicode>Ein</Unicode>
                    </TextEquiv>
                </Word>
                <Word id="r_11_tl_3_w2" custom="readingOrder {index:1;}">
                    <Coords points="412,446 412,506 502,506 502,446"/>
                    <TextEquiv>
                        <Unicode>jedes</Unicode>
                    </TextEquiv>
                </Word>
                <Word id="r_11_tl_3_w3" custom="readingOrder {index:2;}">
                    <Coords points="538,445 538,505 662,505 662,445"/>
                    <TextEquiv>
                        <Unicode>Werk,</Unicode>
                    </TextEquiv>
                </Word>
                <Word id="r_11_tl_3_w4" custom="readingOrder {index:3;}">
                    <Coords points="697,443 697,503 770,503 770,443"/>
                    <TextEquiv>
                        <Unicode>eine</Unicode>
                    </TextEquiv>
                </Word>
                <Word id="r_11_tl_3_w5" custom="readingOrder {index:4;}">
                    <Coords points="800,443 800,503 867,503 867,443"/>
                    <TextEquiv>
                        <Unicode>jede</Unicode>
                    </TextEquiv>
                </Word>
                <Word id="r_11_tl_3_w6" custom="readingOrder {index:5;}">
                    <Coords points="897,441 897,501 998,501 998,441"/>
                    <TextEquiv>
                        <Unicode>Lehre</Unicode>
                    </TextEquiv>
                </Word>
                <TextEquiv>
                    <Unicode>Ein jedes Werk, eine jede Lehre</Unicode>
                </TextEquiv>
            </TextLine>
            <TextLine id="r_11_tl_4" custom="readingOrder {index:3;}">
                <Coords points="304,548 1061,550 1041,477 989,503 304,496"/>
                <Baseline points="319,540 352,537 397,540 441,537 486,534 531,534 576,534 620,537 665,537 710,537 755,534 800,531 844,534 889,534 934,534 979,531 1024,537 1068,537"/>
                <Word id="r_11_tl_4_w1" custom="readingOrder {index:0;}">
                    <Coords points="310,499 310,559 457,559 457,499"/>
                    <TextEquiv>
                        <Unicode>Hänget</Unicode>
                    </TextEquiv>
                </Word>
                <Word id="r_11_tl_4_w2" custom="readingOrder {index:1;}">
                    <Coords points="486,494 486,554 542,554 542,494"/>
                    <TextEquiv>
                        <Unicode>von</Unicode>
                    </TextEquiv>
                </Word>
                <Word id="r_11_tl_4_w3" custom="readingOrder {index:2;}">
                    <Coords points="582,497 582,557 678,557 678,497"/>
                    <TextEquiv>
                        <Unicode>seinem</Unicode>
                    </TextEquiv>
                </Word>
                <Word id="r_11_tl_4_w4" custom="readingOrder {index:3;}">
                    <Coords points="730,493 730,553 956,553 956,493"/>
                    <TextEquiv>
                        <Unicode>Richterstuhl</Unicode>
                    </TextEquiv>
                </Word>
                <Word id="r_11_tl_4_w5" custom="readingOrder {index:4;}">
                    <Coords points="991,496 991,556 1046,556 1046,496"/>
                    <TextEquiv>
                        <Unicode>ab.</Unicode>
                    </TextEquiv>
                </Word>
                <TextEquiv>
                    <Unicode>Hänget von seinem Richterstuhl ab.</Unicode>
                </TextEquiv>
            </TextLine>
            <TextLine id="r_11_tl_5" custom="readingOrder {index:4;}">
                <Coords points="304,597 1074,599 1074,537 304,548"/>
                <Baseline points="319,588 364,585 409,585 453,585 498,588 543,585 588,585 632,585 677,585 722,585 767,582 812,582 856,582 901,582 946,582 991,585 1035,585 1080,582"/>
                <Word id="r_11_tl_5_w1" custom="readingOrder {index:0;}">
                    <Coords points="311,545 311,605 406,605 406,545"/>
                    <TextEquiv>
                        <Unicode>Soll</Unicode>
                    </TextEquiv>
                </Word>
                <Word id="r_11_tl_5_w2" custom="readingOrder {index:1;}">
                    <Coords points="435,546 435,606 508,606 508,546"/>
                    <TextEquiv>
                        <Unicode>man</Unicode>
                    </TextEquiv>
                </Word>
                <Word id="r_11_tl_5_w3" custom="readingOrder {index:2;}">
                    <Coords points="543,545 543,605 622,605 622,545"/>
                    <TextEquiv>
                        <Unicode>über</Unicode>
                    </TextEquiv>
                </Word>
                <Word id="r_11_tl_5_w4" custom="readingOrder {index:3;}">
                    <Coords points="657,545 657,605 702,605 702,545"/>
                    <TextEquiv>
                        <Unicode>die</Unicode>
                    </TextEquiv>
                </Word>
                <Word id="r_11_tl_5_w5" custom="readingOrder {index:4;}">
                    <Coords points="731,542 731,602 872,602 872,542"/>
                    <TextEquiv>
                        <Unicode>Physick</Unicode>
                    </TextEquiv>
                </Word>
                <Word id="r_11_tl_5_w6" custom="readingOrder {index:5;}">
                    <Coords points="901,544 901,604 1065,604 1065,544"/>
                    <TextEquiv>
                        <Unicode>streiten?</Unicode>
                    </TextEquiv>
                </Word>
                <TextEquiv>
                    <Unicode>Soll man über die Physick streiten?</Unicode>
                </TextEquiv>
            </TextLine>
            <TextLine id="r_11_tl_6" custom="readingOrder {index:5;}">
                <Coords points="304,636 654,662 727,636 875,659 1022,646 1022,607 885,586 807,612 304,594"/>
                <Baseline points="319,635 358,635 403,632 447,635 492,629 537,632 582,632 626,635 671,635 716,635 761,632 806,629 850,632 895,632 940,632 985,632 1030,632"/>
                <Word id="r_11_tl_6_w1" custom="readingOrder {index:0;}">
                    <Coords points="311,595 311,655 374,655 374,595"/>
                    <TextEquiv>
                        <Unicode>So</Unicode>
                    </TextEquiv>
                </Word>
                <Word id="r_11_tl_6_w2" custom="readingOrder {index:1;}">
                    <Coords points="404,593 404,653 444,653 444,593"/>
                    <TextEquiv>
                        <Unicode>ist</Unicode>
                    </TextEquiv>
                </Word>
                <Word id="r_11_tl_6_w3" custom="readingOrder {index:2;}">
                    <Coords points="474,592 474,652 703,652 703,592"/>
                    <TextEquiv>
                        <Unicode>Chrysologus</Unicode>
                    </TextEquiv>
                </Word>
                <Word id="r_11_tl_6_w4" custom="readingOrder {index:3;}">
                    <Coords points="738,592 738,652 784,652 784,592"/>
                    <TextEquiv>
                        <Unicode>ein</Unicode>
                    </TextEquiv>
                </Word>
                <Word id="r_11_tl_6_w5" custom="readingOrder {index:4;}">
                    <Coords points="820,592 820,652 1013,652 1013,592"/>
                    <TextEquiv>
                        <Unicode>Physicker.</Unicode>
                    </TextEquiv>
                </Word>
                <TextEquiv>
                    <Unicode>So ist Chrysologus ein Physicker.</Unicode>
                </TextEquiv>
            </TextLine>
            <TextLine id="r_11_tl_7" custom="readingOrder {index:6;}">
                <Coords points="304,693 1080,703 1080,641 542,659 304,636"/>
                <Baseline points="319,680 364,683 409,686 453,683 498,683 543,683 588,683 632,683 677,683 722,683 767,680 812,683 856,683 901,680 946,683 991,683 1035,686 1080,683 1083,683"/>
                <Word id="r_11_tl_7_w1" custom="readingOrder {index:0;}">
                    <Coords points="310,643 310,703 440,703 440,643"/>
                    <TextEquiv>
                        <Unicode>Wollet</Unicode>
                    </TextEquiv>
                </Word>
                <Word id="r_11_tl_7_w2" custom="readingOrder {index:1;}">
                    <Coords points="468,643 468,703 522,703 522,643"/>
                    <TextEquiv>
                        <Unicode>ihr</Unicode>
                    </TextEquiv>
                </Word>
                <Word id="r_11_tl_7_w3" custom="readingOrder {index:2;}">
                    <Coords points="555,643 555,703 631,703 631,643"/>
                    <TextEquiv>
                        <Unicode>über</Unicode>
                    </TextEquiv>
                </Word>
                <Word id="r_11_tl_7_w4" custom="readingOrder {index:3;}">
                    <Coords points="664,643 664,703 712,703 712,643"/>
                    <TextEquiv>
                        <Unicode>die</Unicode>
                    </TextEquiv>
                </Word>
                <Word id="r_11_tl_7_w5" custom="readingOrder {index:4;}">
                    <Coords points="746,642 746,702 859,702 859,642"/>
                    <TextEquiv>
                        <Unicode>Musie</Unicode>
                    </TextEquiv>
                </Word>
                <Word id="r_11_tl_7_w6" custom="readingOrder {index:5;}">
                    <Coords points="893,643 893,703 1066,703 1066,643"/>
                    <TextEquiv>
                        <Unicode>sprechen?</Unicode>
                    </TextEquiv>
                </Word>
                <TextEquiv>
                    <Unicode>Wollet ihr über die Musie sprechen?</Unicode>
                </TextEquiv>
            </TextLine>
            <TextLine id="r_11_tl_8" custom="readingOrder {index:7;}">
                <Coords points="314,740 441,755 477,734 558,760 732,732 999,742 999,703 929,688 314,695"/>
                <Baseline points="328,731 373,734 417,734 462,734 507,734 552,734 597,734 641,734 686,734 731,731 776,731 821,728 865,728 910,731 955,731 1000,734 1006,734"/>
                <Word id="r_11_tl_8_w1" custom="readingOrder {index:0;}">
                    <Coords points="321,692 321,752 379,752 379,692"/>
                    <TextEquiv>
                        <Unicode>So</Unicode>
                    </TextEquiv>
                </Word>
                <Word id="r_11_tl_8_w2" custom="readingOrder {index:1;}">
                    <Coords points="415,694 415,754 457,754 457,694"/>
                    <TextEquiv>
                        <Unicode>ist</Unicode>
                    </TextEquiv>
                </Word>
                <Word id="r_11_tl_8_w3" custom="readingOrder {index:2;}">
                    <Coords points="481,694 481,754 711,754 711,694"/>
                    <TextEquiv>
                        <Unicode>Chrysologus</Unicode>
                    </TextEquiv>
                </Word>
                <Word id="r_11_tl_8_w4" custom="readingOrder {index:3;}">
                    <Coords points="748,691 748,751 794,751 794,691"/>
                    <TextEquiv>
                        <Unicode>ein</Unicode>
                    </TextEquiv>
                </Word>
                <Word id="r_11_tl_8_w5" custom="readingOrder {index:4;}">
                    <Coords points="830,691 830,751 1001,751 1001,691"/>
                    <TextEquiv>
                        <Unicode>Musiker.</Unicode>
                    </TextEquiv>
                </Word>
                <TextEquiv>
                    <Unicode>So ist Chrysologus ein Musiker.</Unicode>
                </TextEquiv>
            </TextLine>
            <TextLine id="r_11_tl_9" custom="readingOrder {index:8;}">
                <Coords points="304,799 698,784 737,807 797,781 1191,817 1191,742 1137,724 304,753"/>
                <Baseline points="319,779 364,785 409,785 453,785 498,785 543,785 588,785 632,782 677,785 722,782 767,782 812,779 856,779 901,779 946,782 991,782 1035,782 1080,782 1125,785 1170,785 1197,788"/>
                <Word id="r_11_tl_9_w1" custom="readingOrder {index:0;}">
                    <Coords points="311,744 311,804 403,804 403,744"/>
                    <TextEquiv>
                        <Unicode>Was</Unicode>
                    </TextEquiv>
                </Word>
                <Word id="r_11_tl_9_w2" custom="readingOrder {index:1;}">
                    <Coords points="439,745 439,805 473,805 473,745"/>
                    <TextEquiv>
                        <Unicode>ist</Unicode>
                    </TextEquiv>
                </Word>
                <Word id="r_11_tl_9_w3" custom="readingOrder {index:2;}">
                    <Coords points="502,745 502,805 531,805 531,745"/>
                    <TextEquiv>
                        <Unicode>er</Unicode>
                    </TextEquiv>
                </Word>
                <Word id="r_11_tl_9_w4" custom="readingOrder {index:3;}">
                    <Coords points="566,742 566,802 676,802 676,742"/>
                    <TextEquiv>
                        <Unicode>nicht?</Unicode>
                    </TextEquiv>
                </Word>
                <Word id="r_11_tl_9_w5" custom="readingOrder {index:4;}">
                    <Coords points="723,742 723,802 769,802 769,742"/>
                    <TextEquiv>
                        <Unicode>ein</Unicode>
                    </TextEquiv>
                </Word>
                <Word id="r_11_tl_9_w6" custom="readingOrder {index:5;}">
                    <Coords points="817,739 817,799 978,799 978,739"/>
                    <TextEquiv>
                        <Unicode>gelehrter</Unicode>
                    </TextEquiv>
                </Word>
                <Word id="r_11_tl_9_w7" custom="readingOrder {index:6;}">
                    <Coords points="1008,743 1008,803 1193,803 1193,743"/>
                    <TextEquiv>
                        <Unicode>Kriticker,</Unicode>
                    </TextEquiv>
                </Word>
                <TextEquiv>
                    <Unicode>Was ist er nicht? ein gelehrter Kriticker,</Unicode>
                </TextEquiv>
            </TextLine>
            <TextLine id="r_11_tl_10" custom="readingOrder {index:9;}">
                <Coords points="311,854 766,833 1030,856 1030,791 991,786 311,794"/>
                <Baseline points="325,832 370,832 414,835 459,835 504,832 549,832 594,832 638,832 683,829 728,826 773,824 818,826 862,829 907,829 952,829 997,832 1038,835"/>
                <Word id="r_11_tl_10_w1" custom="readingOrder {index:0;}">
                    <Coords points="318,792 318,852 379,852 379,792"/>
                    <TextEquiv>
                        <Unicode>Ein</Unicode>
                    </TextEquiv>
                </Word>
                <Word id="r_11_tl_10_w2" custom="readingOrder {index:1;}">
                    <Coords points="420,793 420,853 533,853 533,793"/>
                    <TextEquiv>
                        <Unicode>großer</Unicode>
                    </TextEquiv>
                </Word>
                <Word id="r_11_tl_10_w3" custom="readingOrder {index:2;}">
                    <Coords points="568,791 568,851 732,851 732,791"/>
                    <TextEquiv>
                        <Unicode>Dichter,</Unicode>
                    </TextEquiv>
                </Word>
                <Word id="r_11_tl_10_w4" custom="readingOrder {index:3;}">
                    <Coords points="761,789 761,849 1027,849 1027,789"/>
                    <TextEquiv>
                        <Unicode>Scholasticker,</Unicode>
                    </TextEquiv>
                </Word>
                <TextEquiv>
                    <Unicode>Ein großer Dichter, Scholasticker,</Unicode>
                </TextEquiv>
            </TextLine>
            <TextLine id="r_11_tl_11" custom="readingOrder {index:10;}">
                <Coords points="311,895 875,887 875,841 859,838 524,854 311,838"/>
                <Baseline points="325,880 343,877 388,883 432,883 477,880 522,880 567,877 612,880 656,877 701,877 746,877 791,877 835,877 880,877"/>
                <Word id="r_11_tl_11_w1" custom="readingOrder {index:0;}">
                    <Coords points="316,842 316,902 556,902 556,842"/>
                    <TextEquiv>
                        <Unicode>Sternseher,</Unicode>
                    </TextEquiv>
                </Word>
                <Word id="r_11_tl_11_w2" custom="readingOrder {index:1;}">
                    <Coords points="582,837 582,897 873,897 873,837"/>
                    <TextEquiv>
                        <Unicode>Grammaticker.</Unicode>
                    </TextEquiv>
                </Word>
                <TextEquiv>
                    <Unicode>Sternseher, Grammaticker.</Unicode>
                </TextEquiv>
            </TextLine>
            <TextLine id="r_11_tl_12" custom="readingOrder {index:11;}">
                <Coords points="324,945 1238,945 1238,859 1189,849 786,900 324,893"/>
                <Baseline points="338,926 385,928 429,928 474,928 519,928 564,928 609,928 653,928 698,925 743,928 788,928 832,928 877,928 922,928 967,928 1012,928 1056,931 1101,928 1146,931 1191,931 1236,931 1244,931"/>
                <Word id="r_11_tl_12_w1" custom="readingOrder {index:0;}">
                    <Coords points="328,886 328,946 386,946 386,886"/>
                    <TextEquiv>
                        <Unicode>Ist</Unicode>
                    </TextEquiv>
                </Word>
                <Word id="r_11_tl_12_w2" custom="readingOrder {index:1;}">
                    <Coords points="417,888 417,948 467,948 467,888"/>
                    <TextEquiv>
                        <Unicode>das</Unicode>
                    </TextEquiv>
                </Word>
                <Word id="r_11_tl_12_w3" custom="readingOrder {index:2;}">
                    <Coords points="506,888 506,948 616,948 616,888"/>
                    <TextEquiv>
                        <Unicode>alles?</Unicode>
                    </TextEquiv>
                </Word>
                <Word id="r_11_tl_12_w4" custom="readingOrder {index:3;}">
                    <Coords points="646,886 646,946 691,946 691,886"/>
                    <TextEquiv>
                        <Unicode>Er</Unicode>
                    </TextEquiv>
                </Word>
                <Word id="r_11_tl_12_w5" custom="readingOrder {index:4;}">
                    <Coords points="721,887 721,947 764,947 764,887"/>
                    <TextEquiv>
                        <Unicode>ist</Unicode>
                    </TextEquiv>
                </Word>
                <Word id="r_11_tl_12_w6" custom="readingOrder {index:5;}">
                    <Coords points="787,888 787,948 860,948 860,888"/>
                    <TextEquiv>
                        <Unicode>noch</Unicode>
                    </TextEquiv>
                </Word>
                <Word id="r_11_tl_12_w7" custom="readingOrder {index:6;}">
                    <Coords points="899,888 899,948 942,948 942,888"/>
                    <TextEquiv>
                        <Unicode>ein</Unicode>
                    </TextEquiv>
                </Word>
                <Word id="r_11_tl_12_w8" custom="readingOrder {index:7;}">
                    <Coords points="980,888 980,948 1238,948 1238,888"/>
                    <TextEquiv>
                        <Unicode>Staatsmann,</Unicode>
                    </TextEquiv>
                </Word>
                <TextEquiv>
                    <Unicode>Ist das alles? Er ist noch ein Staatsmann,</Unicode>
                </TextEquiv>
            </TextLine>
            <TextLine id="r_11_tl_13" custom="readingOrder {index:12;}">
                <Coords points="311,989 1017,996 1017,942 958,934 794,955 711,929 641,960 584,939 311,945"/>
                <Baseline points="325,973 370,976 414,979 459,979 504,982 549,979 594,982 638,982 683,979 728,982 773,982 818,979 862,979 907,979 952,979 997,982 1024,985"/>
                <Word id="r_11_tl_13_w1" custom="readingOrder {index:0;}">
                    <Coords points="318,940 318,1000 636,1000 636,940"/>
                    <TextEquiv>
                        <Unicode>Rechtsgelehrter,</Unicode>
                    </TextEquiv>
                </Word>
                <Word id="r_11_tl_13_w2" custom="readingOrder {index:1;}">
                    <Coords points="666,939 666,999 1013,999 1013,939"/>
                    <TextEquiv>
                        <Unicode>Zeitungsschreiber,</Unicode>
                    </TextEquiv>
                </Word>
                <TextEquiv>
                    <Unicode>Rechtsgelehrter, Zeitungsschreiber,</Unicode>
                </TextEquiv>
            </TextLine>
            <TextLine id="r_11_tl_14" custom="readingOrder {index:13;}">
                <Coords points="314,1038 921,1043 921,1002 895,991 314,991"/>
                <Baseline points="328,1024 373,1024 417,1027 462,1030 507,1030 552,1030 597,1030 641,1030 686,1030 731,1030 776,1030 821,1030 865,1030 910,1030 928,1032"/>
                <Word id="r_11_tl_14_w1" custom="readingOrder {index:0;}">
                    <Coords points="320,984 320,1044 381,1044 381,984"/>
                    <TextEquiv>
                        <Unicode>Ein</Unicode>
                    </TextEquiv>
                </Word>
                <Word id="r_11_tl_14_w2" custom="readingOrder {index:1;}">
                    <Coords points="421,990 421,1050 661,1050 661,990"/>
                    <TextEquiv>
                        <Unicode>Platonicker,</Unicode>
                    </TextEquiv>
                </Word>
                <Word id="r_11_tl_14_w3" custom="readingOrder {index:2;}">
                    <Coords points="690,990 690,1050 924,1050 924,990"/>
                    <TextEquiv>
                        <Unicode>Cartesianer,</Unicode>
                    </TextEquiv>
                </Word>
                <TextEquiv>
                    <Unicode>Ein Platonicker, Cartesianer,</Unicode>
                </TextEquiv>
            </TextLine>
            <TextLine id="r_11_tl_15" custom="readingOrder {index:14;}">
                <Coords points="314,1082 877,1103 973,1092 971,1048 311,1038"/>
                <Baseline points="328,1071 373,1074 417,1077 462,1077 507,1080 552,1080 597,1080 641,1080 686,1080 731,1077 776,1080 821,1080 865,1080 910,1080 955,1080 979,1080"/>
                <Word id="r_11_tl_15_w1" custom="readingOrder {index:0;}">
                    <Coords points="318,1036 318,1096 499,1096 499,1036"/>
                    <TextEquiv>
                        <Unicode>Sophist,</Unicode>
                    </TextEquiv>
                </Word>
                <Word id="r_11_tl_15_w2" custom="readingOrder {index:1;}">
                    <Coords points="523,1040 523,1100 688,1100 688,1040"/>
                    <TextEquiv>
                        <Unicode>Redner,</Unicode>
                    </TextEquiv>
                </Word>
                <Word id="r_11_tl_15_w3" custom="readingOrder {index:2;}">
                    <Coords points="717,1040 717,1100 969,1100 969,1040"/>
                    <TextEquiv>
                        <Unicode>Empyricker,</Unicode>
                    </TextEquiv>
                </Word>
                <TextEquiv>
                    <Unicode>Sophist, Redner, Empyricker,</Unicode>
                </TextEquiv>
            </TextLine>
            <TextLine id="r_11_tl_16" custom="readingOrder {index:15;}">
                <Coords points="317,1142 1248,1137 1248,1077 1181,1069 651,1111 317,1082"/>
                <Baseline points="331,1125 376,1128 420,1125 465,1128 510,1128 555,1128 600,1128 644,1128 689,1128 734,1125 779,1128 824,1128 868,1128 913,1128 958,1128 1003,1125 1047,1128 1092,1128 1137,1128 1182,1128 1227,1128 1253,1125"/>
                <Word id="r_11_tl_16_w1" custom="readingOrder {index:0;}">
                    <Coords points="324,1086 324,1146 555,1146 555,1086"/>
                    <TextEquiv>
                        <Unicode>Chrysologus</Unicode>
                    </TextEquiv>
                </Word>
                <Word id="r_11_tl_16_w2" custom="readingOrder {index:1;}">
                    <Coords points="590,1088 590,1148 625,1148 625,1088"/>
                    <TextEquiv>
                        <Unicode>ist</Unicode>
                    </TextEquiv>
                </Word>
                <Word id="r_11_tl_16_w3" custom="readingOrder {index:2;}">
                    <Coords points="654,1086 654,1146 763,1146 763,1086"/>
                    <TextEquiv>
                        <Unicode>alles,</Unicode>
                    </TextEquiv>
                </Word>
                <Word id="r_11_tl_16_w4" custom="readingOrder {index:3;}">
                    <Coords points="788,1088 788,1148 851,1148 851,1088"/>
                    <TextEquiv>
                        <Unicode>und</Unicode>
                    </TextEquiv>
                </Word>
                <Word id="r_11_tl_16_w5" custom="readingOrder {index:4;}">
                    <Coords points="886,1088 886,1148 914,1148 914,1088"/>
                    <TextEquiv>
                        <Unicode>im</Unicode>
                    </TextEquiv>
                </Word>
                <Word id="r_11_tl_16_w6" custom="readingOrder {index:5;}">
                    <Coords points="962,1087 962,1147 1106,1147 1106,1087"/>
                    <TextEquiv>
                        <Unicode>Grunde</Unicode>
                    </TextEquiv>
                </Word>
                <Word id="r_11_tl_16_w7" custom="readingOrder {index:6;}">
                    <Coords points="1124,1088 1124,1148 1250,1148 1250,1088"/>
                    <TextEquiv>
                        <Unicode>nichts.</Unicode>
                    </TextEquiv>
                </Word>
                <TextEquiv>
                    <Unicode>Chrysologus ist alles, und im Grunde nichts.</Unicode>
                </TextEquiv>
            </TextLine>
            <TextLine id="r_11_tl_17" custom="readingOrder {index:16;}">
                <Coords points="208,1194 1246,1214 1246,1134 368,1152 288,1108 208,1124"/>
                <Baseline points="223,1179 268,1176 313,1176 358,1179 403,1179 447,1179 492,1179 537,1182 582,1182 626,1179 671,1182 716,1179 761,1179 806,1182 850,1182 895,1182 940,1182 985,1179 1030,1179 1074,1179 1119,1179 1164,1179 1209,1176 1253,1176"/>
                <Word id="r_11_tl_17_w1" custom="readingOrder {index:0;}">
                    <Coords points="216,1136 216,1196 331,1196 331,1136"/>
                    <TextEquiv>
                        <Unicode>Kosten</Unicode>
                    </TextEquiv>
                </Word>
                <Word id="r_11_tl_17_w2" custom="readingOrder {index:1;}">
                    <Coords points="362,1139 362,1199 386,1199 386,1139"/>
                    <TextEquiv>
                        <Unicode>in</Unicode>
                    </TextEquiv>
                </Word>
                <Word id="r_11_tl_17_w3" custom="readingOrder {index:2;}">
                    <Coords points="418,1139 418,1199 472,1199 472,1139"/>
                    <TextEquiv>
                        <Unicode>der</Unicode>
                    </TextEquiv>
                </Word>
                <Word id="r_11_tl_17_w4" custom="readingOrder {index:3;}">
                    <Coords points="497,1140 497,1200 710,1200 710,1140"/>
                    <TextEquiv>
                        <Unicode>Kanterschen</Unicode>
                    </TextEquiv>
                </Word>
                <Word id="r_11_tl_17_w5" custom="readingOrder {index:4;}">
                    <Coords points="741,1142 741,1202 1016,1202 1016,1142"/>
                    <TextEquiv>
                        <Unicode>Buchhandlung</Unicode>
                    </TextEquiv>
                </Word>
                <Word id="r_11_tl_17_w6" custom="readingOrder {index:5;}">
                    <Coords points="1041,1139 1041,1199 1156,1199 1156,1139"/>
                    <TextEquiv>
                        <Unicode>allhier</Unicode>
                    </TextEquiv>
                </Word>
                <Word id="r_11_tl_17_w7" custom="readingOrder {index:6;}">
                    <Coords points="1182,1136 1182,1196 1248,1196 1248,1136"/>
                    <TextEquiv>
                        <Unicode>wie</Unicode>
                    </TextEquiv>
                </Word>
                <TextEquiv>
                    <Unicode>Kosten in der Kanterschen Buchhandlung allhier wie</Unicode>
                </TextEquiv>
            </TextLine>
            <TextLine id="r_11_tl_18" custom="readingOrder {index:17;}">
                <Coords points="215,1243 394,1266 784,1235 833,1259 978,1253 960,1189 215,1194"/>
                <Baseline points="229,1230 274,1227 319,1227 364,1230 409,1230 453,1230 498,1230 543,1230 588,1230 632,1230 677,1230 722,1230 767,1230 812,1230 856,1230 901,1233 946,1230 982,1230"/>
                <Word id="r_11_tl_18_w1" custom="readingOrder {index:0;}">
                    <Coords points="223,1188 223,1248 295,1248 295,1188"/>
                    <TextEquiv>
                        <Unicode>auch</Unicode>
                    </TextEquiv>
                </Word>
                <Word id="r_11_tl_18_w2" custom="readingOrder {index:1;}">
                    <Coords points="326,1188 326,1248 349,1248 349,1188"/>
                    <TextEquiv>
                        <Unicode>in</Unicode>
                    </TextEquiv>
                </Word>
                <Word id="r_11_tl_18_w3" custom="readingOrder {index:2;}">
                    <Coords points="380,1190 380,1250 501,1250 501,1190"/>
                    <TextEquiv>
                        <Unicode>Elbing</Unicode>
                    </TextEquiv>
                </Word>
                <Word id="r_11_tl_18_w4" custom="readingOrder {index:3;}">
                    <Coords points="526,1190 526,1250 586,1250 586,1190"/>
                    <TextEquiv>
                        <Unicode>und</Unicode>
                    </TextEquiv>
                </Word>
                <Word id="r_11_tl_18_w5" custom="readingOrder {index:4;}">
                    <Coords points="611,1190 611,1250 726,1250 726,1190"/>
                    <TextEquiv>
                        <Unicode>Mitau</Unicode>
                    </TextEquiv>
                </Word>
                <Word id="r_11_tl_18_w6" custom="readingOrder {index:5;}">
                    <Coords points="757,1190 757,1250 768,1250 768,1190"/>
                    <TextEquiv>
                        <Unicode>2</Unicode>
                    </TextEquiv>
                </Word>
                <Word id="r_11_tl_18_w7" custom="readingOrder {index:6;}">
                    <Coords points="793,1190 793,1250 829,1250 829,1190"/>
                    <TextEquiv>
                        <Unicode>fl.</Unicode>
                    </TextEquiv>
                </Word>
                <Word id="r_11_tl_18_w8" custom="readingOrder {index:7;}">
                    <Coords points="854,1191 854,1251 889,1251 889,1191"/>
                    <TextEquiv>
                        <Unicode>12</Unicode>
                    </TextEquiv>
                </Word>
                <Word id="r_11_tl_18_w9" custom="readingOrder {index:8;}">
                    <Coords points="914,1190 914,1250 968,1250 968,1190"/>
                    <TextEquiv>
                        <Unicode>gr.</Unicode>
                    </TextEquiv>
                </Word>
                <TextEquiv>
                    <Unicode>auch in Elbing und Mitau 2 fl. 12 gr.</Unicode>
                </TextEquiv>
            </TextLine>
            <TextLine id="r_11_tl_19" custom="readingOrder {index:18;}">
                <Coords points="628,1285 657,1287 670,1279 727,1290 745,1282 804,1298 828,1282 849,1285 849,1256 833,1256 815,1243 799,1248 784,1235 706,1238 693,1251 667,1240 628,1240"/>
                <Baseline points="641,1271 686,1274 731,1274 776,1274 821,1277 856,1274"/>
                <Word id="r_11_tl_19_w1" custom="readingOrder {index:0;}">
                    <Coords points="634,1234 634,1294 840,1294 840,1234"/>
                    <TextEquiv>
                        <Unicode>Leipzig.</Unicode>
                    </TextEquiv>
                </Word>
                <TextEquiv>
                    <Unicode>Leipzig.</Unicode>
                </TextEquiv>
            </TextLine>
            <TextLine id="r_11_tl_20" custom="readingOrder {index:19;}">
                <Coords points="260,1326 1256,1336 1238,1248 867,1259 799,1300 260,1261"/>
                <Baseline points="274,1304 319,1319 364,1322 409,1325 453,1325 498,1325 543,1325 588,1322 632,1322 677,1325 722,1322 767,1322 812,1322 856,1322 901,1319 946,1319 991,1319 1035,1319 1080,1319 1125,1319 1170,1316 1215,1316 1259,1313"/>
                <Word id="r_11_tl_20_w1" custom="readingOrder {index:0;}">
                    <Coords points="263,1283 263,1343 520,1343 520,1283"/>
                    <TextEquiv>
                        <Unicode>„Grundsätze</Unicode>
                    </TextEquiv>
                </Word>
                <Word id="r_11_tl_20_w2" custom="readingOrder {index:1;}">
                    <Coords points="555,1282 555,1342 607,1342 607,1282"/>
                    <TextEquiv>
                        <Unicode>der</Unicode>
                    </TextEquiv>
                </Word>
                <Word id="r_11_tl_20_w3" custom="readingOrder {index:2;}">
                    <Coords points="634,1282 634,1342 786,1342 786,1282"/>
                    <TextEquiv>
                        <Unicode>Critick,</Unicode>
                    </TextEquiv>
                </Word>
                <Word id="r_11_tl_20_w4" custom="readingOrder {index:3;}">
                    <Coords points="813,1282 813,1342 846,1342 846,1282"/>
                    <TextEquiv>
                        <Unicode>in</Unicode>
                    </TextEquiv>
                </Word>
                <Word id="r_11_tl_20_w5" custom="readingOrder {index:4;}">
                    <Coords points="880,1279 880,1339 952,1339 952,1279"/>
                    <TextEquiv>
                        <Unicode>drey</Unicode>
                    </TextEquiv>
                </Word>
                <Word id="r_11_tl_20_w6" custom="readingOrder {index:5;}">
                    <Coords points="987,1279 987,1339 1158,1339 1158,1279"/>
                    <TextEquiv>
                        <Unicode>Theilen,</Unicode>
                    </TextEquiv>
                </Word>
                <Word id="r_11_tl_20_w7" custom="readingOrder {index:6;}">
                    <Coords points="1185,1276 1185,1336 1237,1336 1237,1276"/>
                    <TextEquiv>
                        <Unicode>von</Unicode>
                    </TextEquiv>
                </Word>
                <TextEquiv>
                    <Unicode>„Grundsätze der Critick, in drey Theilen, von</Unicode>
                </TextEquiv>
            </TextLine>
            <TextLine id="r_11_tl_21" custom="readingOrder {index:20;}">
                <Coords points="208,1357 402,1401 958,1381 1002,1414 1095,1370 1256,1378 1256,1331 1209,1326 208,1329"/>
                <Baseline points="223,1355 268,1367 313,1373 358,1376 403,1379 447,1379 492,1376 537,1376 582,1376 626,1376 671,1376 716,1376 761,1373 806,1370 850,1373 895,1373 940,1373 985,1373 1030,1373 1074,1370 1119,1370 1164,1370 1209,1364 1253,1367 1259,1367"/>
                <Word id="r_11_tl_21_w1" custom="readingOrder {index:0;}">
                    <Coords points="217,1332 217,1392 406,1392 406,1332"/>
                    <TextEquiv>
                        <Unicode>„Heinrich</Unicode>
                    </TextEquiv>
                </Word>
                <Word id="r_11_tl_21_w2" custom="readingOrder {index:1;}">
                    <Coords points="433,1336 433,1396 570,1396 570,1336"/>
                    <TextEquiv>
                        <Unicode>Home,</Unicode>
                    </TextEquiv>
                </Word>
                <Word id="r_11_tl_21_w3" custom="readingOrder {index:2;}">
                    <Coords points="597,1336 597,1396 655,1396 655,1336"/>
                    <TextEquiv>
                        <Unicode>aus</Unicode>
                    </TextEquiv>
                </Word>
                <Word id="r_11_tl_21_w4" custom="readingOrder {index:3;}">
                    <Coords points="682,1336 682,1396 734,1396 734,1336"/>
                    <TextEquiv>
                        <Unicode>dem</Unicode>
                    </TextEquiv>
                </Word>
                <Word id="r_11_tl_21_w5" custom="readingOrder {index:4;}">
                    <Coords points="780,1332 780,1392 891,1392 891,1332"/>
                    <TextEquiv>
                        <Unicode>Engl.</Unicode>
                    </TextEquiv>
                </Word>
                <Word id="r_11_tl_21_w6" custom="readingOrder {index:5;}">
                    <Coords points="911,1333 911,1393 1081,1393 1081,1333"/>
                    <TextEquiv>
                        <Unicode>übersetzt,</Unicode>
                    </TextEquiv>
                </Word>
                <Word id="r_11_tl_21_w7" custom="readingOrder {index:6;}">
                    <Coords points="1107,1328 1107,1388 1244,1388 1244,1328"/>
                    <TextEquiv>
                        <Unicode>zweyter</Unicode>
                    </TextEquiv>
                </Word>
                <TextEquiv>
                    <Unicode>„Heinrich Home, aus dem Engl. übersetzt, zweyter</Unicode>
                </TextEquiv>
            </TextLine>
            <TextLine id="r_11_tl_22" custom="readingOrder {index:21;}">
                <Coords points="215,1414 449,1448 1017,1425 1017,1383 906,1375 392,1404 215,1375"/>
                <Baseline points="229,1406 274,1418 319,1421 364,1427 409,1424 453,1427 498,1430 543,1430 588,1430 632,1430 677,1430 722,1430 767,1427 812,1427 856,1427 901,1427 946,1427 991,1424 1024,1424"/>
                <Word id="r_11_tl_22_w1" custom="readingOrder {index:0;}">
                    <Coords points="223,1379 223,1439 381,1439 381,1379"/>
                    <TextEquiv>
                        <Unicode>„Theil,</Unicode>
                    </TextEquiv>
                </Word>
                <Word id="r_11_tl_22_w2" custom="readingOrder {index:1;}">
                    <Coords points="400,1388 400,1448 539,1448 539,1388"/>
                    <TextEquiv>
                        <Unicode>bestehet</Unicode>
                    </TextEquiv>
                </Word>
                <Word id="r_11_tl_22_w3" custom="readingOrder {index:2;}">
                    <Coords points="565,1390 565,1450 621,1450 621,1390"/>
                    <TextEquiv>
                        <Unicode>aus</Unicode>
                    </TextEquiv>
                </Word>
                <Word id="r_11_tl_22_w4" custom="readingOrder {index:3;}">
                    <Coords points="647,1390 647,1450 734,1450 734,1390"/>
                    <TextEquiv>
                        <Unicode>484.</Unicode>
                    </TextEquiv>
                </Word>
                <Word id="r_11_tl_22_w5" custom="readingOrder {index:4;}">
                    <Coords points="754,1387 754,1447 981,1447 981,1387"/>
                    <TextEquiv>
                        <Unicode>Octavseiten.</Unicode>
                    </TextEquiv>
                </Word>
                <TextEquiv>
                    <Unicode>„Theil, bestehet aus 484. Octavseiten.</Unicode>
                </TextEquiv>
            </TextLine>
            <TextLine id="r_11_tl_23" custom="readingOrder {index:22;}">
                <Coords points="1064,1430 1105,1438 1131,1430 1144,1438 1186,1427 1204,1440 1222,1430 1256,1435 1256,1381 1235,1375 1196,1378 1183,1391 1131,1391 1087,1375 1064,1383"/>
                <Baseline points="1077,1424 1080,1424 1125,1424 1170,1421 1215,1421 1259,1421"/>
                <Word id="r_11_tl_23_w1" custom="readingOrder {index:0;}">
                    <Coords points="1072,1384 1072,1444 1164,1444 1164,1384"/>
                    <TextEquiv>
                        <Unicode>Man</Unicode>
                    </TextEquiv>
                </Word>
                <Word id="r_11_tl_23_w2" custom="readingOrder {index:1;}">
                    <Coords points="1190,1381 1190,1441 1246,1441 1246,1381"/>
                    <TextEquiv>
                        <Unicode>kan</Unicode>
                    </TextEquiv>
                </Word>
                <TextEquiv>
                    <Unicode>Man kan</Unicode>
                </TextEquiv>
            </TextLine>
            <TextLine id="r_11_tl_24" custom="readingOrder {index:23;}">
                <Coords points="215,1469 1251,1490 1248,1432 446,1451 213,1417"/>
                <Baseline points="229,1465 274,1471 319,1471 364,1471 409,1474 453,1474 498,1474 543,1474 588,1474 632,1477 677,1474 722,1474 767,1474 812,1474 856,1474 901,1474 946,1474 991,1474 1035,1474 1080,1474 1125,1474 1170,1474 1215,1474 1256,1471"/>
                <Word id="r_11_tl_24_w1" custom="readingOrder {index:0;}">
                    <Coords points="220,1431 220,1491 436,1491 436,1431"/>
                    <TextEquiv>
                        <Unicode>vermuthen,</Unicode>
                    </TextEquiv>
                </Word>
                <Word id="r_11_tl_24_w2" custom="readingOrder {index:1;}">
                    <Coords points="454,1434 454,1494 505,1494 505,1434"/>
                    <TextEquiv>
                        <Unicode>daß</Unicode>
                    </TextEquiv>
                </Word>
                <Word id="r_11_tl_24_w3" custom="readingOrder {index:2;}">
                    <Coords points="539,1434 539,1494 584,1494 584,1434"/>
                    <TextEquiv>
                        <Unicode>die</Unicode>
                    </TextEquiv>
                </Word>
                <Word id="r_11_tl_24_w4" custom="readingOrder {index:3;}">
                    <Coords points="608,1435 608,1495 693,1495 693,1435"/>
                    <TextEquiv>
                        <Unicode>Leser</Unicode>
                    </TextEquiv>
                </Word>
                <Word id="r_11_tl_24_w5" custom="readingOrder {index:4;}">
                    <Coords points="717,1434 717,1494 767,1494 767,1434"/>
                    <TextEquiv>
                        <Unicode>des</Unicode>
                    </TextEquiv>
                </Word>
                <Word id="r_11_tl_24_w6" custom="readingOrder {index:5;}">
                    <Coords points="797,1434 797,1494 888,1494 888,1434"/>
                    <TextEquiv>
                        <Unicode>ersten</Unicode>
                    </TextEquiv>
                </Word>
                <Word id="r_11_tl_24_w7" custom="readingOrder {index:6;}">
                    <Coords points="917,1434 917,1494 1036,1494 1036,1434"/>
                    <TextEquiv>
                        <Unicode>Theils</Unicode>
                    </TextEquiv>
                </Word>
                <Word id="r_11_tl_24_w8" custom="readingOrder {index:7;}">
                    <Coords points="1066,1434 1066,1494 1145,1494 1145,1434"/>
                    <TextEquiv>
                        <Unicode>diese</Unicode>
                    </TextEquiv>
                </Word>
                <Word id="r_11_tl_24_w9" custom="readingOrder {index:8;}">
                    <Coords points="1163,1434 1163,1494 1253,1494 1253,1434"/>
                    <TextEquiv>
                        <Unicode>Fort¬</Unicode>
                    </TextEquiv>
                </Word>
                <TextEquiv>
                    <Unicode>vermuthen, daß die Leser des ersten Theils diese Fort¬</Unicode>
                </TextEquiv>
            </TextLine>
            <TextLine id="r_11_tl_25" custom="readingOrder {index:24;}">
                <Coords points="213,1539 1251,1536 1233,1484 213,1469"/>
                <Baseline points="226,1525 271,1522 316,1522 361,1522 406,1522 450,1525 495,1525 540,1522 585,1525 629,1528 674,1525 719,1525 764,1522 809,1525 853,1522 898,1522 943,1522 988,1522 1032,1525 1077,1525 1122,1525 1167,1522 1212,1525 1256,1522"/>
                <Word id="r_11_tl_25_w1" custom="readingOrder {index:0;}">
                    <Coords points="213,1482 213,1542 338,1542 338,1482"/>
                    <TextEquiv>
                        <Unicode>setzung</Unicode>
                    </TextEquiv>
                </Word>
                <Word id="r_11_tl_25_w2" custom="readingOrder {index:1;}">
                    <Coords points="366,1482 366,1542 425,1542 425,1482"/>
                    <TextEquiv>
                        <Unicode>mit</Unicode>
                    </TextEquiv>
                </Word>
                <Word id="r_11_tl_25_w3" custom="readingOrder {index:2;}">
                    <Coords points="448,1485 448,1545 534,1545 534,1485"/>
                    <TextEquiv>
                        <Unicode>einer</Unicode>
                    </TextEquiv>
                </Word>
                <Word id="r_11_tl_25_w4" custom="readingOrder {index:3;}">
                    <Coords points="562,1486 562,1546 736,1546 736,1486"/>
                    <TextEquiv>
                        <Unicode>Ungedult</Unicode>
                    </TextEquiv>
                </Word>
                <Word id="r_11_tl_25_w5" custom="readingOrder {index:4;}">
                    <Coords points="770,1483 770,1543 894,1543 894,1483"/>
                    <TextEquiv>
                        <Unicode>werden</Unicode>
                    </TextEquiv>
                </Word>
                <Word id="r_11_tl_25_w6" custom="readingOrder {index:5;}">
                    <Coords points="933,1483 933,1543 1091,1543 1091,1483"/>
                    <TextEquiv>
                        <Unicode>erwartet</Unicode>
                    </TextEquiv>
                </Word>
                <Word id="r_11_tl_25_w7" custom="readingOrder {index:6;}">
                    <Coords points="1119,1483 1119,1543 1249,1543 1249,1483"/>
                    <TextEquiv>
                        <Unicode>haben,</Unicode>
                    </TextEquiv>
                </Word>
                <TextEquiv>
                    <Unicode>setzung mit einer Ungedult werden erwartet haben,</Unicode>
                </TextEquiv>
            </TextLine>
            <TextLine id="r_11_tl_26" custom="readingOrder {index:25;}">
                <Coords points="208,1578 1246,1583 1246,1531 1189,1528 208,1541"/>
                <Baseline points="223,1570 268,1573 313,1573 358,1570 403,1573 447,1573 492,1576 537,1576 582,1576 626,1576 671,1573 716,1573 761,1573 806,1573 850,1573 895,1573 940,1573 985,1573 1030,1573 1074,1570 1119,1573 1164,1573 1209,1573 1253,1573 1256,1570"/>
                <Word id="r_11_tl_26_w1" custom="readingOrder {index:0;}">
                    <Coords points="214,1532 214,1592 309,1592 309,1532"/>
                    <TextEquiv>
                        <Unicode>deren</Unicode>
                    </TextEquiv>
                </Word>
                <Word id="r_11_tl_26_w2" custom="readingOrder {index:1;}">
                    <Coords points="343,1534 343,1594 594,1594 594,1534"/>
                    <TextEquiv>
                        <Unicode>Befriedigung</Unicode>
                    </TextEquiv>
                </Word>
                <Word id="r_11_tl_26_w3" custom="readingOrder {index:2;}">
                    <Coords points="634,1533 634,1593 728,1593 728,1533"/>
                    <TextEquiv>
                        <Unicode>dieser</Unicode>
                    </TextEquiv>
                </Word>
                <Word id="r_11_tl_26_w4" custom="readingOrder {index:3;}">
                    <Coords points="757,1533 757,1593 879,1593 879,1533"/>
                    <TextEquiv>
                        <Unicode>zweyte</Unicode>
                    </TextEquiv>
                </Word>
                <Word id="r_11_tl_26_w5" custom="readingOrder {index:4;}">
                    <Coords points="903,1533 903,1593 1008,1593 1008,1533"/>
                    <TextEquiv>
                        <Unicode>Theil</Unicode>
                    </TextEquiv>
                </Word>
                <Word id="r_11_tl_26_w6" custom="readingOrder {index:5;}">
                    <Coords points="1026,1533 1026,1593 1237,1593 1237,1533"/>
                    <TextEquiv>
                        <Unicode>vermuthlich</Unicode>
                    </TextEquiv>
                </Word>
                <TextEquiv>
                    <Unicode>deren Befriedigung dieser zweyte Theil vermuthlich</Unicode>
                </TextEquiv>
            </TextLine>
            <TextLine id="r_11_tl_27" custom="readingOrder {index:26;}">
                <Coords points="215,1630 1253,1624 1253,1586 1201,1578 633,1606 215,1578"/>
                <Baseline points="229,1621 274,1621 319,1621 364,1624 409,1624 453,1624 498,1624 543,1624 588,1624 632,1624 677,1621 722,1618 767,1621 812,1621 856,1621 901,1618 946,1618 991,1618 1035,1618 1080,1618 1125,1618 1170,1615 1215,1615 1259,1612"/>
                <Word id="r_11_tl_27_w1" custom="readingOrder {index:0;}">
                    <Coords points="220,1581 220,1641 310,1641 310,1581"/>
                    <TextEquiv>
                        <Unicode>nicht</Unicode>
                    </TextEquiv>
                </Word>
                <Word id="r_11_tl_27_w2" custom="readingOrder {index:1;}">
                    <Coords points="332,1584 332,1644 480,1644 480,1584"/>
                    <TextEquiv>
                        <Unicode>vereiteln</Unicode>
                    </TextEquiv>
                </Word>
                <Word id="r_11_tl_27_w3" custom="readingOrder {index:2;}">
                    <Coords points="513,1584 513,1644 608,1644 608,1584"/>
                    <TextEquiv>
                        <Unicode>wird.</Unicode>
                    </TextEquiv>
                </Word>
                <Word id="r_11_tl_27_w4" custom="readingOrder {index:3;}">
                    <Coords points="661,1580 661,1640 708,1640 708,1580"/>
                    <TextEquiv>
                        <Unicode>Es</Unicode>
                    </TextEquiv>
                </Word>
                <Word id="r_11_tl_27_w5" custom="readingOrder {index:4;}">
                    <Coords points="736,1580 736,1640 789,1640 789,1580"/>
                    <TextEquiv>
                        <Unicode>kan</Unicode>
                    </TextEquiv>
                </Word>
                <Word id="r_11_tl_27_w6" custom="readingOrder {index:5;}">
                    <Coords points="821,1578 821,1638 990,1638 990,1578"/>
                    <TextEquiv>
                        <Unicode>schwerlich</Unicode>
                    </TextEquiv>
                </Word>
                <Word id="r_11_tl_27_w7" custom="readingOrder {index:6;}">
                    <Coords points="1023,1578 1023,1638 1091,1638 1091,1578"/>
                    <TextEquiv>
                        <Unicode>eine</Unicode>
                    </TextEquiv>
                </Word>
                <Word id="r_11_tl_27_w8" custom="readingOrder {index:7;}">
                    <Coords points="1113,1575 1113,1635 1256,1635 1256,1575"/>
                    <TextEquiv>
                        <Unicode>Wissen¬</Unicode>
                    </TextEquiv>
                </Word>
                <TextEquiv>
                    <Unicode>nicht vereiteln wird. Es kan schwerlich eine Wissen¬</Unicode>
                </TextEquiv>
            </TextLine>
            <TextLine id="r_11_tl_28" custom="readingOrder {index:27;}">
                <Coords points="218,1679 1253,1676 1253,1624 218,1627"/>
                <Baseline points="232,1671 271,1668 316,1668 361,1671 406,1671 450,1671 495,1671 540,1671 585,1671 629,1668 674,1668 719,1668 764,1668 809,1665 853,1668 898,1665 943,1665 988,1665 1032,1665 1077,1662 1122,1662 1167,1659 1212,1662 1256,1659"/>
                <Word id="r_11_tl_28_w1" custom="readingOrder {index:0;}">
                    <Coords points="224,1628 224,1688 326,1688 326,1628"/>
                    <TextEquiv>
                        <Unicode>schaft</Unicode>
                    </TextEquiv>
                </Word>
                <Word id="r_11_tl_28_w2" custom="readingOrder {index:1;}">
                    <Coords points="348,1631 348,1691 549,1691 549,1631"/>
                    <TextEquiv>
                        <Unicode>ergetzender</Unicode>
                    </TextEquiv>
                </Word>
                <Word id="r_11_tl_28_w3" custom="readingOrder {index:2;}">
                    <Coords points="571,1628 571,1688 664,1688 664,1628"/>
                    <TextEquiv>
                        <Unicode>seyn,</Unicode>
                    </TextEquiv>
                </Word>
                <Word id="r_11_tl_28_w4" custom="readingOrder {index:3;}">
                    <Coords points="691,1628 691,1688 734,1688 734,1628"/>
                    <TextEquiv>
                        <Unicode>als</Unicode>
                    </TextEquiv>
                </Word>
                <Word id="r_11_tl_28_w5" custom="readingOrder {index:4;}">
                    <Coords points="762,1626 762,1686 804,1686 804,1626"/>
                    <TextEquiv>
                        <Unicode>die</Unicode>
                    </TextEquiv>
                </Word>
                <Word id="r_11_tl_28_w6" custom="readingOrder {index:5;}">
                    <Coords points="838,1625 838,1685 1033,1685 1033,1625"/>
                    <TextEquiv>
                        <Unicode>Mechanick</Unicode>
                    </TextEquiv>
                </Word>
                <Word id="r_11_tl_28_w7" custom="readingOrder {index:6;}">
                    <Coords points="1061,1622 1061,1682 1109,1682 1109,1622"/>
                    <TextEquiv>
                        <Unicode>der</Unicode>
                    </TextEquiv>
                </Word>
                <Word id="r_11_tl_28_w8" custom="readingOrder {index:7;}">
                    <Coords points="1132,1620 1132,1680 1256,1680 1256,1620"/>
                    <TextEquiv>
                        <Unicode>Hebel,</Unicode>
                    </TextEquiv>
                </Word>
                <TextEquiv>
                    <Unicode>schaft ergetzender seyn, als die Mechanick der Hebel,</Unicode>
                </TextEquiv>
            </TextLine>
            <TextLine id="r_11_tl_29" custom="readingOrder {index:28;}">
                <Coords points="215,1718 1240,1720 1240,1674 1191,1671 215,1689"/>
                <Baseline points="229,1713 262,1716 307,1716 352,1716 397,1716 441,1716 486,1719 531,1716 576,1716 620,1716 665,1716 710,1713 755,1713 800,1713 844,1713 889,1716 934,1713 979,1716 1024,1713 1068,1713 1113,1710 1158,1710 1203,1710 1247,1710"/>
                <Word id="r_11_tl_29_w1" custom="readingOrder {index:0;}">
                    <Coords points="220,1674 220,1734 273,1734 273,1674"/>
                    <TextEquiv>
                        <Unicode>die</Unicode>
                    </TextEquiv>
                </Word>
                <Word id="r_11_tl_29_w2" custom="readingOrder {index:1;}">
                    <Coords points="295,1676 295,1736 353,1736 353,1676"/>
                    <TextEquiv>
                        <Unicode>das</Unicode>
                    </TextEquiv>
                </Word>
                <Word id="r_11_tl_29_w3" custom="readingOrder {index:2;}">
                    <Coords points="380,1678 380,1738 582,1738 582,1678"/>
                    <TextEquiv>
                        <Unicode>menschliche</Unicode>
                    </TextEquiv>
                </Word>
                <Word id="r_11_tl_29_w4" custom="readingOrder {index:3;}">
                    <Coords points="609,1676 609,1736 694,1736 694,1676"/>
                    <TextEquiv>
                        <Unicode>Herz</Unicode>
                    </TextEquiv>
                </Word>
                <Word id="r_11_tl_29_w5" custom="readingOrder {index:4;}">
                    <Coords points="721,1673 721,1733 891,1733 891,1673"/>
                    <TextEquiv>
                        <Unicode>bewegen.</Unicode>
                    </TextEquiv>
                </Word>
                <Word id="r_11_tl_29_w6" custom="readingOrder {index:5;}">
                    <Coords points="940,1675 940,1735 1019,1735 1019,1675"/>
                    <TextEquiv>
                        <Unicode>Die</Unicode>
                    </TextEquiv>
                </Word>
                <Word id="r_11_tl_29_w7" custom="readingOrder {index:6;}">
                    <Coords points="1036,1670 1036,1730 1243,1730 1243,1670"/>
                    <TextEquiv>
                        <Unicode>Anordnung</Unicode>
                    </TextEquiv>
                </Word>
                <TextEquiv>
                    <Unicode>die das menschliche Herz bewegen. Die Anordnung</Unicode>
                </TextEquiv>
            </TextLine>
            <TextLine id="r_11_tl_30" custom="readingOrder {index:29;}">
                <Coords points="218,1780 1253,1770 1233,1710 838,1741 218,1720"/>
                <Baseline points="232,1764 271,1767 316,1764 361,1767 406,1767 450,1767 495,1767 540,1767 585,1770 629,1767 674,1767 719,1767 764,1767 809,1767 853,1767 898,1767 943,1767 988,1767 1032,1764 1077,1764 1122,1764 1167,1764 1212,1764 1256,1761"/>
                <Word id="r_11_tl_30_w1" custom="readingOrder {index:0;}">
                    <Coords points="225,1724 225,1784 385,1784 385,1724"/>
                    <TextEquiv>
                        <Unicode>derselben</Unicode>
                    </TextEquiv>
                </Word>
                <Word id="r_11_tl_30_w2" custom="readingOrder {index:1;}">
                    <Coords points="421,1727 421,1787 456,1787 456,1727"/>
                    <TextEquiv>
                        <Unicode>ist</Unicode>
                    </TextEquiv>
                </Word>
                <Word id="r_11_tl_30_w3" custom="readingOrder {index:2;}">
                    <Coords points="486,1727 486,1787 616,1787 616,1727"/>
                    <TextEquiv>
                        <Unicode>äußerst</Unicode>
                    </TextEquiv>
                </Word>
                <Word id="r_11_tl_30_w4" custom="readingOrder {index:3;}">
                    <Coords points="640,1727 640,1787 823,1787 823,1727"/>
                    <TextEquiv>
                        <Unicode>verwickelt</Unicode>
                    </TextEquiv>
                </Word>
                <Word id="r_11_tl_30_w5" custom="readingOrder {index:4;}">
                    <Coords points="842,1727 842,1787 900,1787 900,1727"/>
                    <TextEquiv>
                        <Unicode>und</Unicode>
                    </TextEquiv>
                </Word>
                <Word id="r_11_tl_30_w6" custom="readingOrder {index:5;}">
                    <Coords points="931,1726 931,1786 1066,1786 1066,1726"/>
                    <TextEquiv>
                        <Unicode>zugleich</Unicode>
                    </TextEquiv>
                </Word>
                <Word id="r_11_tl_30_w7" custom="readingOrder {index:6;}">
                    <Coords points="1097,1724 1097,1784 1120,1784 1120,1724"/>
                    <TextEquiv>
                        <Unicode>so</Unicode>
                    </TextEquiv>
                </Word>
                <Word id="r_11_tl_30_w8" custom="readingOrder {index:7;}">
                    <Coords points="1144,1724 1144,1784 1256,1784 1256,1724"/>
                    <TextEquiv>
                        <Unicode>kunst¬</Unicode>
                    </TextEquiv>
                </Word>
                <TextEquiv>
                    <Unicode>derselben ist äußerst verwickelt und zugleich so kunst¬</Unicode>
                </TextEquiv>
            </TextLine>
            <TextLine id="r_11_tl_31" custom="readingOrder {index:30;}">
                <Coords points="218,1819 1256,1822 1256,1770 218,1780"/>
                <Baseline points="232,1815 277,1818 322,1818 367,1818 412,1821 456,1818 501,1818 546,1821 591,1821 635,1821 680,1818 725,1818 770,1818 815,1821 859,1821 904,1821 949,1818 994,1821 1038,1815 1083,1815 1128,1815 1173,1815 1218,1815 1262,1815"/>
                <Word id="r_11_tl_31_w1" custom="readingOrder {index:0;}">
                    <Coords points="220,1778 220,1838 334,1838 334,1778"/>
                    <TextEquiv>
                        <Unicode>reich,</Unicode>
                    </TextEquiv>
                </Word>
                <Word id="r_11_tl_31_w2" custom="readingOrder {index:1;}">
                    <Coords points="359,1779 359,1839 407,1839 407,1779"/>
                    <TextEquiv>
                        <Unicode>als</Unicode>
                    </TextEquiv>
                </Word>
                <Word id="r_11_tl_31_w3" custom="readingOrder {index:2;}">
                    <Coords points="438,1778 438,1838 467,1838 467,1778"/>
                    <TextEquiv>
                        <Unicode>es</Unicode>
                    </TextEquiv>
                </Word>
                <Word id="r_11_tl_31_w4" custom="readingOrder {index:3;}">
                    <Coords points="505,1781 505,1841 596,1841 596,1781"/>
                    <TextEquiv>
                        <Unicode>einem</Unicode>
                    </TextEquiv>
                </Word>
                <Word id="r_11_tl_31_w5" custom="readingOrder {index:4;}">
                    <Coords points="639,1778 639,1838 754,1838 754,1778"/>
                    <TextEquiv>
                        <Unicode>Werke</Unicode>
                    </TextEquiv>
                </Word>
                <Word id="r_11_tl_31_w6" custom="readingOrder {index:5;}">
                    <Coords points="779,1781 779,1841 942,1841 942,1781"/>
                    <TextEquiv>
                        <Unicode>gezieme,</Unicode>
                    </TextEquiv>
                </Word>
                <Word id="r_11_tl_31_w7" custom="readingOrder {index:6;}">
                    <Coords points="967,1780 967,1840 1028,1840 1028,1780"/>
                    <TextEquiv>
                        <Unicode>auf</Unicode>
                    </TextEquiv>
                </Word>
                <Word id="r_11_tl_31_w8" custom="readingOrder {index:7;}">
                    <Coords points="1046,1775 1046,1835 1179,1835 1179,1775"/>
                    <TextEquiv>
                        <Unicode>welches</Unicode>
                    </TextEquiv>
                </Word>
                <Word id="r_11_tl_31_w9" custom="readingOrder {index:8;}">
                    <Coords points="1204,1775 1204,1835 1252,1835 1252,1775"/>
                    <TextEquiv>
                        <Unicode>die</Unicode>
                    </TextEquiv>
                </Word>
                <TextEquiv>
                    <Unicode>reich, als es einem Werke gezieme, auf welches die</Unicode>
                </TextEquiv>
            </TextLine>
            <TextLine id="r_11_tl_32" custom="readingOrder {index:31;}">
                <Coords points="215,1887 1253,1871 1225,1824 215,1824"/>
                <Baseline points="229,1868 274,1865 319,1865 364,1865 409,1865 453,1865 498,1865 543,1865 588,1865 632,1862 677,1862 722,1862 767,1862 812,1862 856,1862 901,1862 946,1862 991,1862 1035,1862 1080,1862 1125,1862 1170,1859 1215,1859 1259,1859"/>
                <Word id="r_11_tl_32_w1" custom="readingOrder {index:0;}">
                    <Coords points="222,1825 222,1885 349,1885 349,1825"/>
                    <TextEquiv>
                        <Unicode>höchste</Unicode>
                    </TextEquiv>
                </Word>
                <Word id="r_11_tl_32_w2" custom="readingOrder {index:1;}">
                    <Coords points="373,1825 373,1885 610,1885 610,1825"/>
                    <TextEquiv>
                        <Unicode>Meisterhand</Unicode>
                    </TextEquiv>
                </Word>
                <Word id="r_11_tl_32_w3" custom="readingOrder {index:2;}">
                    <Coords points="635,1822 635,1882 692,1882 692,1822"/>
                    <TextEquiv>
                        <Unicode>alle</Unicode>
                    </TextEquiv>
                </Word>
                <Word id="r_11_tl_32_w4" custom="readingOrder {index:3;}">
                    <Coords points="716,1822 716,1882 831,1882 831,1822"/>
                    <TextEquiv>
                        <Unicode>übrige</Unicode>
                    </TextEquiv>
                </Word>
                <Word id="r_11_tl_32_w5" custom="readingOrder {index:4;}">
                    <Coords points="856,1822 856,1882 1040,1882 1040,1822"/>
                    <TextEquiv>
                        <Unicode>Zurüstung</Unicode>
                    </TextEquiv>
                </Word>
                <Word id="r_11_tl_32_w6" custom="readingOrder {index:5;}">
                    <Coords points="1065,1822 1065,1882 1116,1882 1116,1822"/>
                    <TextEquiv>
                        <Unicode>der</Unicode>
                    </TextEquiv>
                </Word>
                <Word id="r_11_tl_32_w7" custom="readingOrder {index:6;}">
                    <Coords points="1134,1819 1134,1879 1249,1879 1249,1819"/>
                    <TextEquiv>
                        <Unicode>Natur</Unicode>
                    </TextEquiv>
                </Word>
                <TextEquiv>
                    <Unicode>höchste Meisterhand alle übrige Zurüstung der Natur</Unicode>
                </TextEquiv>
            </TextLine>
            <TextLine id="r_11_tl_33" custom="readingOrder {index:32;}">
                <Coords points="215,1925 1246,1918 1246,1871 1196,1866 215,1884"/>
                <Baseline points="229,1916 268,1916 313,1916 358,1916 403,1913 447,1913 492,1913 537,1910 582,1913 626,1913 671,1913 716,1913 761,1913 806,1913 850,1913 895,1913 940,1913 985,1910 1030,1910 1074,1910 1119,1910 1164,1910 1209,1910 1253,1910"/>
                <Word id="r_11_tl_33_w1" custom="readingOrder {index:0;}">
                    <Coords points="220,1876 220,1936 405,1936 405,1876"/>
                    <TextEquiv>
                        <Unicode>abgezielet</Unicode>
                    </TextEquiv>
                </Word>
                <Word id="r_11_tl_33_w2" custom="readingOrder {index:1;}">
                    <Coords points="427,1873 427,1933 495,1933 495,1873"/>
                    <TextEquiv>
                        <Unicode>hat.</Unicode>
                    </TextEquiv>
                </Word>
                <Word id="r_11_tl_33_w3" custom="readingOrder {index:2;}">
                    <Coords points="544,1873 544,1933 654,1933 654,1873"/>
                    <TextEquiv>
                        <Unicode>Wenn</Unicode>
                    </TextEquiv>
                </Word>
                <Word id="r_11_tl_33_w4" custom="readingOrder {index:3;}">
                    <Coords points="682,1873 682,1933 751,1933 751,1873"/>
                    <TextEquiv>
                        <Unicode>man</Unicode>
                    </TextEquiv>
                </Word>
                <Word id="r_11_tl_33_w5" custom="readingOrder {index:4;}">
                    <Coords points="783,1873 783,1933 867,1933 867,1873"/>
                    <TextEquiv>
                        <Unicode>einen</Unicode>
                    </TextEquiv>
                </Word>
                <Word id="r_11_tl_33_w6" custom="readingOrder {index:5;}">
                    <Coords points="900,1872 900,1932 1000,1932 1000,1872"/>
                    <TextEquiv>
                        <Unicode>feinen</Unicode>
                    </TextEquiv>
                </Word>
                <Word id="r_11_tl_33_w7" custom="readingOrder {index:6;}">
                    <Coords points="1032,1870 1032,1930 1244,1930 1244,1870"/>
                    <TextEquiv>
                        <Unicode>Verstand</Unicode>
                    </TextEquiv>
                </Word>
                <TextEquiv>
                    <Unicode>abgezielet hat. Wenn man einen feinen Verstand</Unicode>
                </TextEquiv>
            </TextLine>
            <TextLine id="r_11_tl_34" custom="readingOrder {index:33;}">
                <Coords points="213,1977 1256,1967 1230,1915 213,1928"/>
                <Baseline points="226,1964 232,1964 277,1964 322,1964 367,1964 412,1961 456,1961 501,1961 546,1961 591,1964 635,1961 680,1961 725,1961 770,1961 815,1961 859,1958 904,1958 949,1958 994,1958 1038,1958 1083,1958 1128,1958 1173,1958 1218,1958 1262,1958"/>
                <Word id="r_11_tl_34_w1" custom="readingOrder {index:0;}">
                    <Coords points="218,1924 218,1984 350,1984 350,1924"/>
                    <TextEquiv>
                        <Unicode>bedarf,</Unicode>
                    </TextEquiv>
                </Word>
                <Word id="r_11_tl_34_w2" custom="readingOrder {index:1;}">
                    <Coords points="367,1922 367,1982 404,1982 404,1922"/>
                    <TextEquiv>
                        <Unicode>um</Unicode>
                    </TextEquiv>
                </Word>
                <Word id="r_11_tl_34_w3" custom="readingOrder {index:2;}">
                    <Coords points="447,1921 447,1981 504,1981 504,1921"/>
                    <TextEquiv>
                        <Unicode>alle</Unicode>
                    </TextEquiv>
                </Word>
                <Word id="r_11_tl_34_w4" custom="readingOrder {index:3;}">
                    <Coords points="526,1923 526,1983 627,1983 627,1923"/>
                    <TextEquiv>
                        <Unicode>kleine</Unicode>
                    </TextEquiv>
                </Word>
                <Word id="r_11_tl_34_w5" custom="readingOrder {index:4;}">
                    <Coords points="654,1921 654,1981 877,1981 877,1921"/>
                    <TextEquiv>
                        <Unicode>Verhältniße</Unicode>
                    </TextEquiv>
                </Word>
                <Word id="r_11_tl_34_w6" custom="readingOrder {index:5;}">
                    <Coords points="904,1918 904,1978 951,1978 951,1918"/>
                    <TextEquiv>
                        <Unicode>der</Unicode>
                    </TextEquiv>
                </Word>
                <Word id="r_11_tl_34_w7" custom="readingOrder {index:6;}">
                    <Coords points="973,1918 973,1978 1126,1978 1126,1918"/>
                    <TextEquiv>
                        <Unicode>Begriffe</Unicode>
                    </TextEquiv>
                </Word>
                <Word id="r_11_tl_34_w8" custom="readingOrder {index:7;}">
                    <Coords points="1143,1918 1143,1978 1163,1978 1163,1918"/>
                    <TextEquiv>
                        <Unicode>im</Unicode>
                    </TextEquiv>
                </Word>
                <Word id="r_11_tl_34_w9" custom="readingOrder {index:8;}">
                    <Coords points="1201,1918 1201,1978 1254,1978 1254,1918"/>
                    <TextEquiv>
                        <Unicode>ab¬</Unicode>
                    </TextEquiv>
                </Word>
                <TextEquiv>
                    <Unicode>bedarf, um alle kleine Verhältniße der Begriffe im ab¬</Unicode>
                </TextEquiv>
            </TextLine>
            <TextLine id="r_11_tl_35" custom="readingOrder {index:34;}">
                <Coords points="215,2029 1253,2022 1253,1967 215,1972"/>
                <Baseline points="229,2015 274,2012 319,2012 364,2012 409,2009 453,2009 498,2009 543,2009 588,2009 632,2009 677,2006 722,2006 767,2006 812,2006 856,2006 901,2003 946,2006 991,2006 1035,2003 1080,2003 1125,2006 1170,2006 1215,2006 1259,2006"/>
                <Word id="r_11_tl_35_w1" custom="readingOrder {index:0;}">
                    <Coords points="219,1972 219,2032 405,2032 405,1972"/>
                    <TextEquiv>
                        <Unicode>gezogenen</Unicode>
                    </TextEquiv>
                </Word>
                <Word id="r_11_tl_35_w2" custom="readingOrder {index:1;}">
                    <Coords points="436,1969 436,2029 568,2029 568,1969"/>
                    <TextEquiv>
                        <Unicode>Denken</Unicode>
                    </TextEquiv>
                </Word>
                <Word id="r_11_tl_35_w3" custom="readingOrder {index:2;}">
                    <Coords points="598,1969 598,2029 627,2029 627,1969"/>
                    <TextEquiv>
                        <Unicode>zu</Unicode>
                    </TextEquiv>
                </Word>
                <Word id="r_11_tl_35_w4" custom="readingOrder {index:3;}">
                    <Coords points="672,1966 672,2026 893,2026 893,1966"/>
                    <TextEquiv>
                        <Unicode>beobachten,</Unicode>
                    </TextEquiv>
                </Word>
                <Word id="r_11_tl_35_w5" custom="readingOrder {index:4;}">
                    <Coords points="918,1965 918,2025 947,2025 947,1965"/>
                    <TextEquiv>
                        <Unicode>so</Unicode>
                    </TextEquiv>
                </Word>
                <Word id="r_11_tl_35_w6" custom="readingOrder {index:5;}">
                    <Coords points="977,1964 977,2024 1060,2024 1060,1964"/>
                    <TextEquiv>
                        <Unicode>wird</Unicode>
                    </TextEquiv>
                </Word>
                <Word id="r_11_tl_35_w7" custom="readingOrder {index:6;}">
                    <Coords points="1095,1965 1095,2025 1139,2025 1139,1965"/>
                    <TextEquiv>
                        <Unicode>ein</Unicode>
                    </TextEquiv>
                </Word>
                <Word id="r_11_tl_35_w8" custom="readingOrder {index:7;}">
                    <Coords points="1169,1966 1169,2026 1251,2026 1251,1966"/>
                    <TextEquiv>
                        <Unicode>nicht</Unicode>
                    </TextEquiv>
                </Word>
                <TextEquiv>
                    <Unicode>gezogenen Denken zu beobachten, so wird ein nicht</Unicode>
                </TextEquiv>
            </TextLine>
            <TextLine id="r_11_tl_36" custom="readingOrder {index:35;}">
                <Coords points="210,2076 1253,2066 1253,2022 1199,2014 213,2029"/>
                <Baseline points="226,2060 229,2060 274,2060 319,2057 364,2057 409,2054 453,2057 498,2054 543,2054 588,2054 632,2057 677,2054 722,2054 767,2054 812,2054 856,2054 901,2054 946,2054 991,2054 1035,2054 1080,2054 1125,2054 1170,2054 1215,2057 1259,2054"/>
                <Word id="r_11_tl_36_w1" custom="readingOrder {index:0;}">
                    <Coords points="215,2019 215,2079 345,2079 345,2019"/>
                    <TextEquiv>
                        <Unicode>minder</Unicode>
                    </TextEquiv>
                </Word>
                <Word id="r_11_tl_36_w2" custom="readingOrder {index:1;}">
                    <Coords points="372,2015 372,2075 476,2075 476,2015"/>
                    <TextEquiv>
                        <Unicode>feines</Unicode>
                    </TextEquiv>
                </Word>
                <Word id="r_11_tl_36_w3" custom="readingOrder {index:2;}">
                    <Coords points="503,2014 503,2074 680,2074 680,2014"/>
                    <TextEquiv>
                        <Unicode>Gefühl</Unicode>
                    </TextEquiv>
                </Word>
                <Word id="r_11_tl_36_w4" custom="readingOrder {index:3;}">
                    <Coords points="707,2014 707,2074 885,2074 885,2014"/>
                    <TextEquiv>
                        <Unicode>erfordert,</Unicode>
                    </TextEquiv>
                </Word>
                <Word id="r_11_tl_36_w5" custom="readingOrder {index:4;}">
                    <Coords points="911,2014 911,2074 947,2074 947,2014"/>
                    <TextEquiv>
                        <Unicode>um</Unicode>
                    </TextEquiv>
                </Word>
                <Word id="r_11_tl_36_w6" custom="readingOrder {index:5;}">
                    <Coords points="990,2014 990,2074 1015,2074 1015,2014"/>
                    <TextEquiv>
                        <Unicode>in</Unicode>
                    </TextEquiv>
                </Word>
                <Word id="r_11_tl_36_w7" custom="readingOrder {index:6;}">
                    <Coords points="1042,2014 1042,2074 1089,2074 1089,2014"/>
                    <TextEquiv>
                        <Unicode>dem</Unicode>
                    </TextEquiv>
                </Word>
                <Word id="r_11_tl_36_w8" custom="readingOrder {index:7;}">
                    <Coords points="1131,2015 1131,2075 1256,2075 1256,2015"/>
                    <TextEquiv>
                        <Unicode>zusam¬</Unicode>
                    </TextEquiv>
                </Word>
                <TextEquiv>
                    <Unicode>minder feines Gefühl erfordert, um in dem zusam¬</Unicode>
                </TextEquiv>
            </TextLine>
            <TextLine id="r_11_tl_37" custom="readingOrder {index:36;}">
                <Coords points="215,2115 1251,2118 1225,2060 215,2073"/>
                <Baseline points="229,2107 271,2107 316,2107 361,2107 406,2107 450,2107 495,2104 540,2104 585,2104 629,2107 674,2104 719,2107 764,2107 809,2107 853,2107 898,2107 943,2107 988,2107 1032,2104 1077,2104 1122,2104 1167,2101 1212,2104 1256,2104"/>
                <Word id="r_11_tl_37_w1" custom="readingOrder {index:0;}">
                    <Coords points="226,2067 226,2127 452,2127 452,2067"/>
                    <TextEquiv>
                        <Unicode>mengesetzten</Unicode>
                    </TextEquiv>
                </Word>
                <Word id="r_11_tl_37_w2" custom="readingOrder {index:1;}">
                    <Coords points="480,2064 480,2124 539,2124 539,2064"/>
                    <TextEquiv>
                        <Unicode>und</Unicode>
                    </TextEquiv>
                </Word>
                <Word id="r_11_tl_37_w3" custom="readingOrder {index:2;}">
                    <Coords points="562,2064 562,2124 810,2124 810,2064"/>
                    <TextEquiv>
                        <Unicode>manigfaltigen</Unicode>
                    </TextEquiv>
                </Word>
                <Word id="r_11_tl_37_w4" custom="readingOrder {index:3;}">
                    <Coords points="832,2067 832,2127 1011,2127 1011,2067"/>
                    <TextEquiv>
                        <Unicode>Eindrucke</Unicode>
                    </TextEquiv>
                </Word>
                <Word id="r_11_tl_37_w5" custom="readingOrder {index:4;}">
                    <Coords points="1033,2064 1033,2124 1086,2124 1086,2064"/>
                    <TextEquiv>
                        <Unicode>der</Unicode>
                    </TextEquiv>
                </Word>
                <Word id="r_11_tl_37_w6" custom="readingOrder {index:5;}">
                    <Coords points="1103,2061 1103,2121 1232,2121 1232,2061"/>
                    <TextEquiv>
                        <Unicode>ergetzen</Unicode>
                    </TextEquiv>
                </Word>
                <TextEquiv>
                    <Unicode>mengesetzten und manigfaltigen Eindrucke der ergetzen</Unicode>
                </TextEquiv>
            </TextLine>
            <TextLine id="r_11_tl_38" custom="readingOrder {index:37;}">
                <Coords points="213,2164 1251,2162 1220,2112 213,2115"/>
                <Baseline points="226,2158 271,2161 316,2161 361,2158 406,2158 450,2158 495,2158 540,2161 585,2158 629,2161 674,2161 719,2161 764,2161 809,2161 853,2158 898,2161 943,2161 988,2158 1032,2158 1077,2155 1122,2155 1167,2152 1212,2152 1256,2155"/>
                <Word id="r_11_tl_38_w1" custom="readingOrder {index:0;}">
                    <Coords points="220,2119 220,2179 272,2179 272,2119"/>
                    <TextEquiv>
                        <Unicode>den</Unicode>
                    </TextEquiv>
                </Word>
                <Word id="r_11_tl_38_w2" custom="readingOrder {index:1;}">
                    <Coords points="302,2119 302,2179 377,2179 377,2119"/>
                    <TextEquiv>
                        <Unicode>oder</Unicode>
                    </TextEquiv>
                </Word>
                <Word id="r_11_tl_38_w3" custom="readingOrder {index:2;}">
                    <Coords points="401,2118 401,2178 558,2178 558,2118"/>
                    <TextEquiv>
                        <Unicode>widrigen</Unicode>
                    </TextEquiv>
                </Word>
                <Word id="r_11_tl_38_w4" custom="readingOrder {index:3;}">
                    <Coords points="594,2121 594,2181 832,2181 832,2121"/>
                    <TextEquiv>
                        <Unicode>Rührungen,</Unicode>
                    </TextEquiv>
                </Word>
                <Word id="r_11_tl_38_w5" custom="readingOrder {index:4;}">
                    <Coords points="851,2118 851,2178 880,2178 880,2118"/>
                    <TextEquiv>
                        <Unicode>so</Unicode>
                    </TextEquiv>
                </Word>
                <Word id="r_11_tl_38_w6" custom="readingOrder {index:5;}">
                    <Coords points="904,2121 904,2181 938,2181 938,2121"/>
                    <TextEquiv>
                        <Unicode>zu</Unicode>
                    </TextEquiv>
                </Word>
                <Word id="r_11_tl_38_w7" custom="readingOrder {index:6;}">
                    <Coords points="968,2118 968,2178 1061,2178 1061,2118"/>
                    <TextEquiv>
                        <Unicode>sagen</Unicode>
                    </TextEquiv>
                </Word>
                <Word id="r_11_tl_38_w8" custom="readingOrder {index:7;}">
                    <Coords points="1097,2114 1097,2174 1166,2174 1166,2114"/>
                    <TextEquiv>
                        <Unicode>eine</Unicode>
                    </TextEquiv>
                </Word>
                <Word id="r_11_tl_38_w9" custom="readingOrder {index:8;}">
                    <Coords points="1184,2112 1184,2172 1253,2172 1253,2112"/>
                    <TextEquiv>
                        <Unicode>jede</Unicode>
                    </TextEquiv>
                </Word>
                <TextEquiv>
                    <Unicode>den oder widrigen Rührungen, so zu sagen eine jede</Unicode>
                </TextEquiv>
            </TextLine>
            <TextLine id="r_11_tl_39" custom="readingOrder {index:38;}">
                <Coords points="223,2224 1251,2214 1235,2159 223,2169"/>
                <Baseline points="238,2209 271,2209 316,2209 361,2209 406,2209 450,2209 495,2209 540,2209 585,2209 629,2209 674,2209 719,2209 764,2209 809,2209 853,2206 898,2206 943,2206 988,2206 1032,2206 1077,2206 1122,2203 1167,2203 1212,2203 1256,2203"/>
                <Word id="r_11_tl_39_w1" custom="readingOrder {index:0;}">
                    <Coords points="229,2169 229,2229 328,2229 328,2169"/>
                    <TextEquiv>
                        <Unicode>Faser</Unicode>
                    </TextEquiv>
                </Word>
                <Word id="r_11_tl_39_w2" custom="readingOrder {index:1;}">
                    <Coords points="351,2169 351,2229 400,2229 400,2169"/>
                    <TextEquiv>
                        <Unicode>des</Unicode>
                    </TextEquiv>
                </Word>
                <Word id="r_11_tl_39_w3" custom="readingOrder {index:2;}">
                    <Coords points="429,2169 429,2229 578,2229 578,2169"/>
                    <TextEquiv>
                        <Unicode>Herzens</Unicode>
                    </TextEquiv>
                </Word>
                <Word id="r_11_tl_39_w4" custom="readingOrder {index:3;}">
                    <Coords points="606,2169 606,2229 633,2229 633,2169"/>
                    <TextEquiv>
                        <Unicode>zu</Unicode>
                    </TextEquiv>
                </Word>
                <Word id="r_11_tl_39_w5" custom="readingOrder {index:4;}">
                    <Coords points="661,2169 661,2229 866,2229 866,2169"/>
                    <TextEquiv>
                        <Unicode>empfinden,</Unicode>
                    </TextEquiv>
                </Word>
                <Word id="r_11_tl_39_w6" custom="readingOrder {index:5;}">
                    <Coords points="894,2166 894,2226 938,2226 938,2166"/>
                    <TextEquiv>
                        <Unicode>die</Unicode>
                    </TextEquiv>
                </Word>
                <Word id="r_11_tl_39_w7" custom="readingOrder {index:6;}">
                    <Coords points="961,2166 961,2226 1015,2226 1015,2166"/>
                    <TextEquiv>
                        <Unicode>von</Unicode>
                    </TextEquiv>
                </Word>
                <Word id="r_11_tl_39_w8" custom="readingOrder {index:7;}">
                    <Coords points="1038,2166 1038,2226 1088,2226 1088,2166"/>
                    <TextEquiv>
                        <Unicode>dem</Unicode>
                    </TextEquiv>
                </Word>
                <Word id="r_11_tl_39_w9" custom="readingOrder {index:8;}">
                    <Coords points="1127,2163 1127,2223 1254,2223 1254,2163"/>
                    <TextEquiv>
                        <Unicode>Gegen¬</Unicode>
                    </TextEquiv>
                </Word>
                <TextEquiv>
                    <Unicode>Faser des Herzens zu empfinden, die von dem Gegen¬</Unicode>
                </TextEquiv>
            </TextLine>
            <TextLine id="r_11_tl_40" custom="readingOrder {index:39;}">
                <Coords points="226,2276 1253,2263 1235,2211 226,2221"/>
                <Baseline points="241,2260 274,2260 319,2257 364,2254 409,2254 453,2254 498,2257 543,2257 588,2254 632,2254 677,2257 722,2254 767,2254 812,2254 856,2254 901,2257 946,2260 991,2257 1035,2260 1080,2257 1125,2257 1170,2251 1215,2254 1259,2254"/>
                <Word id="r_11_tl_40_w1" custom="readingOrder {index:0;}">
                    <Coords points="226,2219 226,2279 339,2279 339,2219"/>
                    <TextEquiv>
                        <Unicode>stande</Unicode>
                    </TextEquiv>
                </Word>
                <Word id="r_11_tl_40_w2" custom="readingOrder {index:1;}">
                    <Coords points="361,2214 361,2274 502,2274 502,2214"/>
                    <TextEquiv>
                        <Unicode>berührt</Unicode>
                    </TextEquiv>
                </Word>
                <Word id="r_11_tl_40_w3" custom="readingOrder {index:2;}">
                    <Coords points="519,2214 519,2274 632,2274 632,2214"/>
                    <TextEquiv>
                        <Unicode>wird,</Unicode>
                    </TextEquiv>
                </Word>
                <Word id="r_11_tl_40_w4" custom="readingOrder {index:3;}">
                    <Coords points="649,2216 649,2276 708,2276 708,2216"/>
                    <TextEquiv>
                        <Unicode>und</Unicode>
                    </TextEquiv>
                </Word>
                <Word id="r_11_tl_40_w5" custom="readingOrder {index:4;}">
                    <Coords points="742,2214 742,2274 806,2274 806,2214"/>
                    <TextEquiv>
                        <Unicode>mit</Unicode>
                    </TextEquiv>
                </Word>
                <Word id="r_11_tl_40_w6" custom="readingOrder {index:5;}">
                    <Coords points="834,2215 834,2275 925,2275 925,2215"/>
                    <TextEquiv>
                        <Unicode>deßen</Unicode>
                    </TextEquiv>
                </Word>
                <Word id="r_11_tl_40_w7" custom="readingOrder {index:6;}">
                    <Coords points="959,2218 959,2278 1153,2278 1153,2218"/>
                    <TextEquiv>
                        <Unicode>Bewegung</Unicode>
                    </TextEquiv>
                </Word>
                <Word id="r_11_tl_40_w8" custom="readingOrder {index:7;}">
                    <Coords points="1186,2214 1186,2274 1256,2274 1256,2214"/>
                    <TextEquiv>
                        <Unicode>har=</Unicode>
                    </TextEquiv>
                </Word>
                <TextEquiv>
                    <Unicode>stande berührt wird, und mit deßen Bewegung har=</Unicode>
                </TextEquiv>
            </TextLine>
            <TextLine id="r_11_tl_41" custom="readingOrder {index:40;}">
                <Coords points="218,2320 1261,2312 1240,2260 218,2276"/>
                <Baseline points="232,2304 277,2304 322,2304 367,2304 412,2301 456,2301 501,2301 546,2304 591,2304 635,2301 680,2301 725,2301 770,2301 815,2301 859,2304 904,2307 949,2307 994,2310 1038,2307 1083,2310 1128,2304 1173,2304 1218,2304 1262,2301 1268,2304"/>
                <Word id="r_11_tl_41_w1" custom="readingOrder {index:0;}">
                    <Coords points="224,2264 224,2324 365,2324 365,2264"/>
                    <TextEquiv>
                        <Unicode>monisch</Unicode>
                    </TextEquiv>
                </Word>
                <Word id="r_11_tl_41_w2" custom="readingOrder {index:1;}">
                    <Coords points="392,2261 392,2321 479,2321 479,2261"/>
                    <TextEquiv>
                        <Unicode>bebt.</Unicode>
                    </TextEquiv>
                </Word>
                <Word id="r_11_tl_41_w3" custom="readingOrder {index:2;}">
                    <Coords points="529,2263 529,2323 681,2323 681,2263"/>
                    <TextEquiv>
                        <Unicode>Daraus</Unicode>
                    </TextEquiv>
                </Word>
                <Word id="r_11_tl_41_w4" custom="readingOrder {index:3;}">
                    <Coords points="709,2261 709,2321 860,2321 860,2261"/>
                    <TextEquiv>
                        <Unicode>erwächst</Unicode>
                    </TextEquiv>
                </Word>
                <Word id="r_11_tl_41_w5" custom="readingOrder {index:4;}">
                    <Coords points="888,2267 888,2327 937,2327 937,2267"/>
                    <TextEquiv>
                        <Unicode>die</Unicode>
                    </TextEquiv>
                </Word>
                <Word id="r_11_tl_41_w6" custom="readingOrder {index:5;}">
                    <Coords points="960,2266 960,2326 1258,2326 1258,2266"/>
                    <TextEquiv>
                        <Unicode>Zergliederungs¬</Unicode>
                    </TextEquiv>
                </Word>
                <TextEquiv>
                    <Unicode>monisch bebt. Daraus erwächst die Zergliederungs¬</Unicode>
                </TextEquiv>
            </TextLine>
            <TextLine id="r_11_tl_42" custom="readingOrder {index:41;}">
                <Coords points="221,2361 1259,2361 1259,2312 221,2320"/>
                <Baseline points="235,2355 280,2355 325,2355 370,2355 414,2352 459,2352 504,2349 549,2349 594,2352 638,2352 683,2352 728,2352 773,2352 818,2352 862,2352 907,2355 952,2358 997,2358 1041,2358 1086,2358 1131,2355 1176,2355 1221,2352 1265,2352"/>
                <Word id="r_11_tl_42_w1" custom="readingOrder {index:0;}">
                    <Coords points="227,2315 227,2375 323,2375 323,2315"/>
                    <TextEquiv>
                        <Unicode>kunst</Unicode>
                    </TextEquiv>
                </Word>
                <Word id="r_11_tl_42_w2" custom="readingOrder {index:1;}">
                    <Coords points="346,2312 346,2372 475,2372 475,2312"/>
                    <TextEquiv>
                        <Unicode>unserer</Unicode>
                    </TextEquiv>
                </Word>
                <Word id="r_11_tl_42_w3" custom="readingOrder {index:2;}">
                    <Coords points="503,2312 503,2372 769,2372 769,2312"/>
                    <TextEquiv>
                        <Unicode>Vergnügen</Unicode>
                    </TextEquiv>
                </Word>
                <Word id="r_11_tl_42_w4" custom="readingOrder {index:3;}">
                    <Coords points="812,2312 812,2372 871,2372 871,2312"/>
                    <TextEquiv>
                        <Unicode>und</Unicode>
                    </TextEquiv>
                </Word>
                <Word id="r_11_tl_42_w5" custom="readingOrder {index:4;}">
                    <Coords points="904,2318 904,2378 1034,2378 1034,2318"/>
                    <TextEquiv>
                        <Unicode>unseres</Unicode>
                    </TextEquiv>
                </Word>
                <Word id="r_11_tl_42_w6" custom="readingOrder {index:5;}">
                    <Coords points="1067,2315 1067,2375 1262,2375 1262,2315"/>
                    <TextEquiv>
                        <Unicode>Verdru¬</Unicode>
                    </TextEquiv>
                </Word>
                <TextEquiv>
                    <Unicode>kunst unserer Vergnügen und unseres Verdru¬</Unicode>
                </TextEquiv>
            </TextLine>
            <TextLine id="r_11_tl_43" custom="readingOrder {index:42;}">
                <Coords points="221,2419 1256,2413 1256,2361 221,2361"/>
                <Baseline points="235,2409 277,2406 322,2406 367,2406 412,2406 456,2403 501,2403 546,2400 591,2403 635,2403 680,2406 725,2403 770,2403 815,2403 859,2403 904,2406 949,2409 994,2409 1038,2406 1083,2406 1128,2406 1173,2403 1218,2403 1262,2403"/>
                <Word id="r_11_tl_43_w1" custom="readingOrder {index:0;}">
                    <Coords points="221,2366 221,2426 329,2426 329,2366"/>
                    <TextEquiv>
                        <Unicode>ßes,</Unicode>
                    </TextEquiv>
                </Word>
                <Word id="r_11_tl_43_w2" custom="readingOrder {index:1;}">
                    <Coords points="357,2366 357,2426 422,2426 422,2366"/>
                    <TextEquiv>
                        <Unicode>eine</Unicode>
                    </TextEquiv>
                </Word>
                <Word id="r_11_tl_43_w3" custom="readingOrder {index:2;}">
                    <Coords points="449,2363 449,2423 514,2423 514,2363"/>
                    <TextEquiv>
                        <Unicode>Art</Unicode>
                    </TextEquiv>
                </Word>
                <Word id="r_11_tl_43_w4" custom="readingOrder {index:3;}">
                    <Coords points="531,2360 531,2420 590,2420 590,2360"/>
                    <TextEquiv>
                        <Unicode>von</Unicode>
                    </TextEquiv>
                </Word>
                <Word id="r_11_tl_43_w5" custom="readingOrder {index:4;}">
                    <Coords points="618,2364 618,2424 780,2424 780,2364"/>
                    <TextEquiv>
                        <Unicode>Logick,</Unicode>
                    </TextEquiv>
                </Word>
                <Word id="r_11_tl_43_w6" custom="readingOrder {index:5;}">
                    <Coords points="814,2363 814,2423 928,2423 928,2363"/>
                    <TextEquiv>
                        <Unicode>welche</Unicode>
                    </TextEquiv>
                </Word>
                <Word id="r_11_tl_43_w7" custom="readingOrder {index:6;}">
                    <Coords points="955,2369 955,2429 1009,2429 1009,2369"/>
                    <TextEquiv>
                        <Unicode>das</Unicode>
                    </TextEquiv>
                </Word>
                <Word id="r_11_tl_43_w8" custom="readingOrder {index:7;}">
                    <Coords points="1042,2364 1042,2424 1248,2424 1248,2364"/>
                    <TextEquiv>
                        <Unicode>verworrene</Unicode>
                    </TextEquiv>
                </Word>
                <TextEquiv>
                    <Unicode>ßes, eine Art von Logick, welche das verworrene</Unicode>
                </TextEquiv>
            </TextLine>
            <TextLine id="r_11_tl_44" custom="readingOrder {index:43;}">
                <Coords points="221,2470 1256,2470 1256,2413 221,2421"/>
                <Baseline points="235,2448 280,2454 325,2454 370,2454 414,2454 459,2454 504,2454 549,2454 594,2454 638,2454 683,2454 728,2454 773,2451 818,2451 862,2454 907,2457 952,2457 997,2457 1041,2457 1086,2457 1131,2457 1176,2457 1221,2457 1259,2460"/>
                <Word id="r_11_tl_44_w1" custom="readingOrder {index:0;}">
                    <Coords points="227,2414 227,2474 340,2474 340,2414"/>
                    <TextEquiv>
                        <Unicode>Spiel</Unicode>
                    </TextEquiv>
                </Word>
                <Word id="r_11_tl_44_w2" custom="readingOrder {index:1;}">
                    <Coords points="368,2414 368,2474 498,2474 498,2414"/>
                    <TextEquiv>
                        <Unicode>unserer</Unicode>
                    </TextEquiv>
                </Word>
                <Word id="r_11_tl_44_w3" custom="readingOrder {index:2;}">
                    <Coords points="526,2414 526,2474 791,2474 791,2414"/>
                    <TextEquiv>
                        <Unicode>Empfindungen</Unicode>
                    </TextEquiv>
                </Word>
                <Word id="r_11_tl_44_w4" custom="readingOrder {index:3;}">
                    <Coords points="830,2414 830,2474 922,2474 922,2414"/>
                    <TextEquiv>
                        <Unicode>unter</Unicode>
                    </TextEquiv>
                </Word>
                <Word id="r_11_tl_44_w5" custom="readingOrder {index:4;}">
                    <Coords points="955,2417 955,2477 1085,2477 1085,2417"/>
                    <TextEquiv>
                        <Unicode>Regeln</Unicode>
                    </TextEquiv>
                </Word>
                <Word id="r_11_tl_44_w6" custom="readingOrder {index:5;}">
                    <Coords points="1124,2417 1124,2477 1253,2477 1253,2417"/>
                    <TextEquiv>
                        <Unicode>bringt,</Unicode>
                    </TextEquiv>
                </Word>
                <TextEquiv>
                    <Unicode>Spiel unserer Empfindungen unter Regeln bringt,</Unicode>
                </TextEquiv>
            </TextLine>
            <TextLine id="r_11_tl_45" custom="readingOrder {index:44;}">
                <Coords points="223,2522 1253,2522 1230,2463 221,2468"/>
                <Baseline points="235,2498 280,2501 325,2501 370,2501 414,2501 459,2504 504,2501 549,2501 594,2504 638,2501 683,2501 728,2501 773,2501 818,2501 862,2504 907,2504 952,2504 997,2507 1041,2507 1086,2507 1131,2504 1176,2504 1221,2504 1256,2507"/>
                <Word id="r_11_tl_45_w1" custom="readingOrder {index:0;}">
                    <Coords points="226,2459 226,2519 279,2519 279,2459"/>
                    <TextEquiv>
                        <Unicode>die</Unicode>
                    </TextEquiv>
                </Word>
                <Word id="r_11_tl_45_w2" custom="readingOrder {index:1;}">
                    <Coords points="301,2461 301,2521 385,2521 385,2461"/>
                    <TextEquiv>
                        <Unicode>nicht</Unicode>
                    </TextEquiv>
                </Word>
                <Word id="r_11_tl_45_w3" custom="readingOrder {index:2;}">
                    <Coords points="407,2461 407,2521 433,2521 433,2461"/>
                    <TextEquiv>
                        <Unicode>so</Unicode>
                    </TextEquiv>
                </Word>
                <Word id="r_11_tl_45_w4" custom="readingOrder {index:3;}">
                    <Coords points="455,2461 455,2521 549,2521 549,2461"/>
                    <TextEquiv>
                        <Unicode>wohl</Unicode>
                    </TextEquiv>
                </Word>
                <Word id="r_11_tl_45_w5" custom="readingOrder {index:4;}">
                    <Coords points="566,2463 566,2523 640,2523 640,2463"/>
                    <TextEquiv>
                        <Unicode>dazu</Unicode>
                    </TextEquiv>
                </Word>
                <Word id="r_11_tl_45_w6" custom="readingOrder {index:5;}">
                    <Coords points="672,2461 672,2521 810,2521 810,2461"/>
                    <TextEquiv>
                        <Unicode>dienen,</Unicode>
                    </TextEquiv>
                </Word>
                <Word id="r_11_tl_45_w7" custom="readingOrder {index:6;}">
                    <Coords points="827,2462 827,2522 863,2522 863,2462"/>
                    <TextEquiv>
                        <Unicode>sie</Unicode>
                    </TextEquiv>
                </Word>
                <Word id="r_11_tl_45_w8" custom="readingOrder {index:7;}">
                    <Coords points="885,2464 885,2524 975,2524 975,2464"/>
                    <TextEquiv>
                        <Unicode>beßer</Unicode>
                    </TextEquiv>
                </Word>
                <Word id="r_11_tl_45_w9" custom="readingOrder {index:8;}">
                    <Coords points="1002,2467 1002,2527 1028,2527 1028,2467"/>
                    <TextEquiv>
                        <Unicode>zu</Unicode>
                    </TextEquiv>
                </Word>
                <Word id="r_11_tl_45_w10" custom="readingOrder {index:9;}">
                    <Coords points="1060,2465 1060,2525 1160,2525 1160,2465"/>
                    <TextEquiv>
                        <Unicode>lenken</Unicode>
                    </TextEquiv>
                </Word>
                <Word id="r_11_tl_45_w11" custom="readingOrder {index:10;}">
                    <Coords points="1188,2464 1188,2524 1245,2524 1245,2464"/>
                    <TextEquiv>
                        <Unicode>und</Unicode>
                    </TextEquiv>
                </Word>
                <TextEquiv>
                    <Unicode>die nicht so wohl dazu dienen, sie beßer zu lenken und</Unicode>
                </TextEquiv>
            </TextLine>
            <TextLine id="r_11_tl_46" custom="readingOrder {index:45;}">
                <Coords points="226,2618 1261,2621 1240,2566 226,2572"/>
                <Baseline points="241,2603 286,2600 331,2600 376,2600 420,2600 465,2600 510,2603 555,2600 600,2603 644,2600 689,2600 734,2600 779,2600 824,2600 868,2600 913,2603 958,2603 1003,2606 1047,2603 1092,2606 1137,2606 1182,2603 1227,2606 1265,2603"/>
                <Word id="r_11_tl_46_w1" custom="readingOrder {index:0;}">
                    <Coords points="232,2560 232,2620 447,2620 447,2560"/>
                    <TextEquiv>
                        <Unicode>erleichtern,</Unicode>
                    </TextEquiv>
                </Word>
                <Word id="r_11_tl_46_w2" custom="readingOrder {index:1;}">
                    <Coords points="475,2562 475,2622 523,2622 523,2562"/>
                    <TextEquiv>
                        <Unicode>als</Unicode>
                    </TextEquiv>
                </Word>
                <Word id="r_11_tl_46_w3" custom="readingOrder {index:2;}">
                    <Coords points="556,2560 556,2620 717,2620 717,2560"/>
                    <TextEquiv>
                        <Unicode>vielmehr</Unicode>
                    </TextEquiv>
                </Word>
                <Word id="r_11_tl_46_w4" custom="readingOrder {index:3;}">
                    <Coords points="751,2560 751,2620 799,2620 799,2560"/>
                    <TextEquiv>
                        <Unicode>die</Unicode>
                    </TextEquiv>
                </Word>
                <Word id="r_11_tl_46_w5" custom="readingOrder {index:4;}">
                    <Coords points="827,2561 827,2621 940,2621 940,2561"/>
                    <TextEquiv>
                        <Unicode>Natur</Unicode>
                    </TextEquiv>
                </Word>
                <Word id="r_11_tl_46_w6" custom="readingOrder {index:5;}">
                    <Coords points="973,2563 973,2623 1107,2623 1107,2563"/>
                    <TextEquiv>
                        <Unicode>unserer</Unicode>
                    </TextEquiv>
                </Word>
                <Word id="r_11_tl_46_w7" custom="readingOrder {index:6;}">
                    <Coords points="1140,2563 1140,2623 1248,2623 1248,2563"/>
                    <TextEquiv>
                        <Unicode>Seele</Unicode>
                    </TextEquiv>
                </Word>
                <TextEquiv>
                    <Unicode>erleichtern, als vielmehr die Natur unserer Seele</Unicode>
                </TextEquiv>
            </TextLine>
            <TextLine id="r_11_tl_47" custom="readingOrder {index:46;}">
                <Coords points="223,2662 1246,2673 1246,2616 1209,2611 223,2618"/>
                <Baseline points="238,2651 283,2651 328,2651 373,2648 417,2648 462,2648 507,2648 552,2648 597,2651 641,2648 686,2651 731,2648 776,2648 821,2648 865,2651 910,2654 955,2654 1000,2654 1044,2657 1089,2657 1134,2654 1179,2657 1224,2654 1253,2654"/>
                <Word id="r_11_tl_47_w1" custom="readingOrder {index:0;}">
                    <Coords points="229,2611 229,2671 326,2671 326,2611"/>
                    <TextEquiv>
                        <Unicode>besser</Unicode>
                    </TextEquiv>
                </Word>
                <Word id="r_11_tl_47_w2" custom="readingOrder {index:1;}">
                    <Coords points="354,2608 354,2668 386,2668 386,2608"/>
                    <TextEquiv>
                        <Unicode>zu</Unicode>
                    </TextEquiv>
                </Word>
                <Word id="r_11_tl_47_w3" custom="readingOrder {index:2;}">
                    <Coords points="420,2608 420,2668 615,2668 615,2608"/>
                    <TextEquiv>
                        <Unicode>verstehen,</Unicode>
                    </TextEquiv>
                </Word>
                <Word id="r_11_tl_47_w4" custom="readingOrder {index:3;}">
                    <Coords points="638,2610 638,2670 730,2670 730,2610"/>
                    <TextEquiv>
                        <Unicode>indem</Unicode>
                    </TextEquiv>
                </Word>
                <Word id="r_11_tl_47_w5" custom="readingOrder {index:4;}">
                    <Coords points="780,2608 780,2668 851,2668 851,2608"/>
                    <TextEquiv>
                        <Unicode>man</Unicode>
                    </TextEquiv>
                </Word>
                <Word id="r_11_tl_47_w6" custom="readingOrder {index:5;}">
                    <Coords points="889,2614 889,2674 965,2674 965,2614"/>
                    <TextEquiv>
                        <Unicode>ihre</Unicode>
                    </TextEquiv>
                </Word>
                <Word id="r_11_tl_47_w7" custom="readingOrder {index:6;}">
                    <Coords points="988,2617 988,2677 1145,2677 1145,2617"/>
                    <TextEquiv>
                        <Unicode>mannigf</Unicode>
                    </TextEquiv>
                </Word>
                <Word id="r_11_tl_47_w8" custom="readingOrder {index:7;}">
                    <Coords points="1157,2615 1157,2675 1232,2675 1232,2615"/>
                    <TextEquiv>
                        <Unicode>altig</Unicode>
                    </TextEquiv>
                </Word>
                <TextEquiv>
                    <Unicode>besser zu verstehen, indem man ihre mannigf altig</Unicode>
                </TextEquiv>
            </TextLine>
            <TextLine id="r_11_tl_48" custom="readingOrder {index:47;}">
                <Coords points="221,2709 1256,2712 1256,2665 1201,2660 221,2662"/>
                <Baseline points="235,2704 280,2701 325,2698 370,2698 414,2698 459,2698 504,2698 549,2695 594,2698 638,2698 683,2695 728,2698 773,2695 818,2695 862,2695 907,2698 952,2701 997,2704 1041,2704 1086,2704 1131,2704 1176,2704 1221,2704 1262,2704"/>
                <Word id="r_11_tl_48_w1" custom="readingOrder {index:0;}">
                    <Coords points="227,2658 227,2718 449,2718 449,2658"/>
                    <TextEquiv>
                        <Unicode>Fühlbarkeit</Unicode>
                    </TextEquiv>
                </Word>
                <Word id="r_11_tl_48_w2" custom="readingOrder {index:1;}">
                    <Coords points="471,2657 471,2717 543,2717 543,2657"/>
                    <TextEquiv>
                        <Unicode>nach</Unicode>
                    </TextEquiv>
                </Word>
                <Word id="r_11_tl_48_w3" custom="readingOrder {index:2;}">
                    <Coords points="571,2658 571,2718 676,2718 676,2658"/>
                    <TextEquiv>
                        <Unicode>Anlaß</Unicode>
                    </TextEquiv>
                </Word>
                <Word id="r_11_tl_48_w4" custom="readingOrder {index:3;}">
                    <Coords points="705,2657 705,2717 754,2717 754,2657"/>
                    <TextEquiv>
                        <Unicode>der</Unicode>
                    </TextEquiv>
                </Word>
                <Word id="r_11_tl_48_w5" custom="readingOrder {index:4;}">
                    <Coords points="771,2658 771,2718 1043,2718 1043,2658"/>
                    <TextEquiv>
                        <Unicode>Beobachtungen</Unicode>
                    </TextEquiv>
                </Word>
                <Word id="r_11_tl_48_w6" custom="readingOrder {index:5;}">
                    <Coords points="1077,2664 1077,2724 1170,2724 1170,2664"/>
                    <TextEquiv>
                        <Unicode>unter</Unicode>
                    </TextEquiv>
                </Word>
                <Word id="r_11_tl_48_w7" custom="readingOrder {index:6;}">
                    <Coords points="1188,2664 1188,2724 1254,2724 1254,2664"/>
                    <TextEquiv>
                        <Unicode>Be=</Unicode>
                    </TextEquiv>
                </Word>
                <TextEquiv>
                    <Unicode>Fühlbarkeit nach Anlaß der Beobachtungen unter Be=</Unicode>
                </TextEquiv>
            </TextLine>
            <TextLine id="r_11_tl_49" custom="readingOrder {index:48;}">
                <Coords points="213,2777 1251,2761 1230,2709 213,2712"/>
                <Baseline points="226,2758 271,2755 316,2752 361,2749 406,2749 450,2746 495,2746 540,2746 585,2749 629,2749 674,2746 719,2746 764,2743 809,2746 853,2746 898,2746 943,2749 988,2749 1032,2752 1077,2755 1122,2755 1167,2755 1212,2755 1256,2755"/>
                <Word id="r_11_tl_49_w1" custom="readingOrder {index:0;}">
                    <Coords points="227,2714 227,2774 328,2774 328,2714"/>
                    <TextEquiv>
                        <Unicode>griffe</Unicode>
                    </TextEquiv>
                </Word>
                <Word id="r_11_tl_49_w2" custom="readingOrder {index:1;}">
                    <Coords points="347,2708 347,2768 480,2768 480,2708"/>
                    <TextEquiv>
                        <Unicode>bringt.</Unicode>
                    </TextEquiv>
                </Word>
                <Word id="r_11_tl_49_w3" custom="readingOrder {index:2;}">
                    <Coords points="517,2707 517,2767 606,2767 606,2707"/>
                    <TextEquiv>
                        <Unicode>Herr</Unicode>
                    </TextEquiv>
                </Word>
                <Word id="r_11_tl_49_w4" custom="readingOrder {index:3;}">
                    <Coords points="625,2706 625,2766 752,2766 752,2706"/>
                    <TextEquiv>
                        <Unicode>Home</Unicode>
                    </TextEquiv>
                </Word>
                <Word id="r_11_tl_49_w5" custom="readingOrder {index:4;}">
                    <Coords points="777,2706 777,2766 897,2766 897,2706"/>
                    <TextEquiv>
                        <Unicode>nennet</Unicode>
                    </TextEquiv>
                </Word>
                <Word id="r_11_tl_49_w6" custom="readingOrder {index:5;}">
                    <Coords points="915,2709 915,2769 993,2769 993,2709"/>
                    <TextEquiv>
                        <Unicode>diese</Unicode>
                    </TextEquiv>
                </Word>
                <Word id="r_11_tl_49_w7" custom="readingOrder {index:6;}">
                    <Coords points="1019,2715 1019,2775 1247,2775 1247,2715"/>
                    <TextEquiv>
                        <Unicode>Wißenschaft</Unicode>
                    </TextEquiv>
                </Word>
                <TextEquiv>
                    <Unicode>griffe bringt. Herr Home nennet diese Wißenschaft</Unicode>
                </TextEquiv>
            </TextLine>
            <TextLine id="r_11_tl_50" custom="readingOrder {index:49;}">
                <Coords points="213,2813 1251,2810 1251,2761 1163,2758 213,2779"/>
                <Baseline points="226,2803 271,2806 316,2800 361,2800 406,2797 450,2797 495,2794 540,2794 585,2797 629,2797 674,2797 719,2797 764,2794 809,2794 853,2794 898,2794 943,2797 988,2797 1032,2800 1077,2803 1122,2803 1167,2803 1212,2803 1256,2800"/>
                <Word id="r_11_tl_50_w1" custom="readingOrder {index:0;}">
                    <Coords points="220,2765 220,2825 333,2825 333,2765"/>
                    <TextEquiv>
                        <Unicode>wovon</Unicode>
                    </TextEquiv>
                </Word>
                <Word id="r_11_tl_50_w2" custom="readingOrder {index:1;}">
                    <Coords points="370,2758 370,2818 399,2818 399,2758"/>
                    <TextEquiv>
                        <Unicode>er</Unicode>
                    </TextEquiv>
                </Word>
                <Word id="r_11_tl_50_w3" custom="readingOrder {index:2;}">
                    <Coords points="418,2757 418,2817 465,2817 465,2757"/>
                    <TextEquiv>
                        <Unicode>die</Unicode>
                    </TextEquiv>
                </Word>
                <Word id="r_11_tl_50_w4" custom="readingOrder {index:3;}">
                    <Coords points="489,2757 489,2817 698,2817 698,2757"/>
                    <TextEquiv>
                        <Unicode>Grundsätze</Unicode>
                    </TextEquiv>
                </Word>
                <Word id="r_11_tl_50_w5" custom="readingOrder {index:4;}">
                    <Coords points="723,2754 723,2814 889,2814 889,2754"/>
                    <TextEquiv>
                        <Unicode>vorträgt,</Unicode>
                    </TextEquiv>
                </Word>
                <Word id="r_11_tl_50_w6" custom="readingOrder {index:5;}">
                    <Coords points="896,2755 896,2815 937,2815 937,2755"/>
                    <TextEquiv>
                        <Unicode>die</Unicode>
                    </TextEquiv>
                </Word>
                <Word id="r_11_tl_50_w7" custom="readingOrder {index:6;}">
                    <Coords points="962,2761 962,2821 1134,2821 1134,2761"/>
                    <TextEquiv>
                        <Unicode>Critick.</Unicode>
                    </TextEquiv>
                </Word>
                <Word id="r_11_tl_50_w8" custom="readingOrder {index:7;}">
                    <Coords points="1153,2763 1153,2823 1236,2823 1236,2763"/>
                    <TextEquiv>
                        <Unicode>Man</Unicode>
                    </TextEquiv>
                </Word>
                <TextEquiv>
                    <Unicode>wovon er die Grundsätze vorträgt, die Critick. Man</Unicode>
                </TextEquiv>
            </TextLine>
            <TextLine id="r_11_tl_51" custom="readingOrder {index:50;}">
                <Coords points="215,2867 1251,2860 1251,2810 215,2816"/>
                <Baseline points="229,2854 274,2857 319,2854 364,2851 409,2848 453,2848 498,2848 543,2848 588,2848 632,2848 677,2845 722,2845 767,2845 812,2845 856,2845 901,2845 946,2845 991,2845 1035,2848 1080,2848 1125,2851 1170,2851 1215,2854 1256,2854"/>
                <Word id="r_11_tl_51_w1" custom="readingOrder {index:0;}">
                    <Coords points="221,2816 221,2876 338,2876 338,2816"/>
                    <TextEquiv>
                        <Unicode>wuͤrde</Unicode>
                    </TextEquiv>
                </Word>
                <Word id="r_11_tl_51_w2" custom="readingOrder {index:1;}">
                    <Coords points="355,2809 355,2869 405,2869 405,2809"/>
                    <TextEquiv>
                        <Unicode>sich</Unicode>
                    </TextEquiv>
                </Word>
                <Word id="r_11_tl_51_w3" custom="readingOrder {index:2;}">
                    <Coords points="433,2808 433,2868 572,2868 572,2808"/>
                    <TextEquiv>
                        <Unicode>genauer</Unicode>
                    </TextEquiv>
                </Word>
                <Word id="r_11_tl_51_w4" custom="readingOrder {index:3;}">
                    <Coords points="590,2805 590,2865 807,2865 807,2805"/>
                    <TextEquiv>
                        <Unicode>ausdruͤcken,</Unicode>
                    </TextEquiv>
                </Word>
                <Word id="r_11_tl_51_w5" custom="readingOrder {index:4;}">
                    <Coords points="825,2805 825,2865 913,2865 913,2805"/>
                    <TextEquiv>
                        <Unicode>wenn</Unicode>
                    </TextEquiv>
                </Word>
                <Word id="r_11_tl_51_w6" custom="readingOrder {index:5;}">
                    <Coords points="947,2805 947,2865 1014,2865 1014,2805"/>
                    <TextEquiv>
                        <Unicode>man</Unicode>
                    </TextEquiv>
                </Word>
                <Word id="r_11_tl_51_w7" custom="readingOrder {index:6;}">
                    <Coords points="1042,2808 1042,2868 1081,2868 1081,2808"/>
                    <TextEquiv>
                        <Unicode>sie</Unicode>
                    </TextEquiv>
                </Word>
                <Word id="r_11_tl_51_w8" custom="readingOrder {index:7;}">
                    <Coords points="1098,2810 1098,2870 1142,2870 1142,2810"/>
                    <TextEquiv>
                        <Unicode>die</Unicode>
                    </TextEquiv>
                </Word>
                <Word id="r_11_tl_51_w9" custom="readingOrder {index:8;}">
                    <Coords points="1159,2813 1159,2873 1248,2873 1248,2813"/>
                    <TextEquiv>
                        <Unicode>Cri¬</Unicode>
                    </TextEquiv>
                </Word>
                <TextEquiv>
                    <Unicode>wuͤrde sich genauer ausdruͤcken, wenn man sie die Cri¬</Unicode>
                </TextEquiv>
            </TextLine>
            <TextLine id="r_11_tl_52" custom="readingOrder {index:51;}">
                <Coords points="215,2917 1246,2909 1246,2860 1155,2854 215,2867"/>
                <Baseline points="229,2907 268,2904 313,2904 358,2904 403,2901 447,2901 492,2898 537,2898 582,2898 626,2898 671,2898 716,2895 761,2898 806,2895 850,2895 895,2895 940,2895 985,2895 1030,2898 1074,2898 1119,2898 1164,2898 1209,2898 1253,2898"/>
                <Word id="r_11_tl_52_w1" custom="readingOrder {index:0;}">
                    <Coords points="222,2864 222,2924 297,2924 297,2864"/>
                    <TextEquiv>
                        <Unicode>tick</Unicode>
                    </TextEquiv>
                </Word>
                <Word id="r_11_tl_52_w2" custom="readingOrder {index:1;}">
                    <Coords points="320,2864 320,2924 372,2924 372,2864"/>
                    <TextEquiv>
                        <Unicode>des</Unicode>
                    </TextEquiv>
                </Word>
                <Word id="r_11_tl_52_w3" custom="readingOrder {index:2;}">
                    <Coords points="402,2858 402,2918 598,2918 598,2858"/>
                    <TextEquiv>
                        <Unicode>Gefühls</Unicode>
                    </TextEquiv>
                </Word>
                <Word id="r_11_tl_52_w4" custom="readingOrder {index:3;}">
                    <Coords points="634,2855 634,2915 796,2915 796,2855"/>
                    <TextEquiv>
                        <Unicode>nennete,</Unicode>
                    </TextEquiv>
                </Word>
                <Word id="r_11_tl_52_w5" custom="readingOrder {index:4;}">
                    <Coords points="820,2855 820,2915 848,2915 848,2855"/>
                    <TextEquiv>
                        <Unicode>so</Unicode>
                    </TextEquiv>
                </Word>
                <Word id="r_11_tl_52_w6" custom="readingOrder {index:5;}">
                    <Coords points="872,2855 872,2915 935,2915 935,2855"/>
                    <TextEquiv>
                        <Unicode>wie</Unicode>
                    </TextEquiv>
                </Word>
                <Word id="r_11_tl_52_w7" custom="readingOrder {index:6;}">
                    <Coords points="953,2855 953,2915 999,2915 999,2855"/>
                    <TextEquiv>
                        <Unicode>die</Unicode>
                    </TextEquiv>
                </Word>
                <Word id="r_11_tl_52_w8" custom="readingOrder {index:7;}">
                    <Coords points="1023,2858 1023,2918 1184,2918 1184,2858"/>
                    <TextEquiv>
                        <Unicode>eigentlich</Unicode>
                    </TextEquiv>
                </Word>
                <Word id="r_11_tl_52_w9" custom="readingOrder {index:8;}">
                    <Coords points="1214,2858 1214,2918 1237,2918 1237,2858"/>
                    <TextEquiv>
                        <Unicode>so</Unicode>
                    </TextEquiv>
                </Word>
                <TextEquiv>
                    <Unicode>tick des Gefühls nennete, so wie die eigentlich so</Unicode>
                </TextEquiv>
            </TextLine>
            <TextLine id="r_11_tl_53" custom="readingOrder {index:52;}">
                <Coords points="208,2989 703,2961 773,3002 908,2956 1238,2984 1238,2909 1207,2906 208,2922"/>
                <Baseline points="223,2964 259,2958 304,2958 349,2958 394,2958 438,2958 483,2955 528,2955 573,2955 618,2955 662,2949 707,2952 752,2952 797,2952 841,2949 886,2949 931,2949 976,2952 1021,2952 1065,2952 1110,2952 1155,2952 1200,2952 1244,2952"/>
                <Word id="r_11_tl_53_w1" custom="readingOrder {index:0;}">
                    <Coords points="217,2918 217,2978 388,2978 388,2918"/>
                    <TextEquiv>
                        <Unicode>genannte</Unicode>
                    </TextEquiv>
                </Word>
                <Word id="r_11_tl_53_w2" custom="readingOrder {index:1;}">
                    <Coords points="408,2916 408,2976 514,2976 514,2916"/>
                    <TextEquiv>
                        <Unicode>Logick</Unicode>
                    </TextEquiv>
                </Word>
                <Word id="r_11_tl_53_w3" custom="readingOrder {index:2;}">
                    <Coords points="541,2915 541,2975 612,2975 612,2915"/>
                    <TextEquiv>
                        <Unicode>eine</Unicode>
                    </TextEquiv>
                </Word>
                <Word id="r_11_tl_53_w4" custom="readingOrder {index:3;}">
                    <Coords points="633,2912 633,2972 790,2972 790,2912"/>
                    <TextEquiv>
                        <Unicode>Critick</Unicode>
                    </TextEquiv>
                </Word>
                <Word id="r_11_tl_53_w5" custom="readingOrder {index:4;}">
                    <Coords points="818,2909 818,2969 870,2969 870,2909"/>
                    <TextEquiv>
                        <Unicode>des</Unicode>
                    </TextEquiv>
                </Word>
                <Word id="r_11_tl_53_w6" custom="readingOrder {index:5;}">
                    <Coords points="897,2912 897,2972 1160,2972 1160,2912"/>
                    <TextEquiv>
                        <Unicode>Verstandes</Unicode>
                    </TextEquiv>
                </Word>
                <Word id="r_11_tl_53_w7" custom="readingOrder {index:6;}">
                    <Coords points="1188,2912 1188,2972 1239,2972 1239,2912"/>
                    <TextEquiv>
                        <Unicode>ist.</Unicode>
                    </TextEquiv>
                </Word>
                <TextEquiv>
                    <Unicode>genannte Logick eine Critick des Verstandes ist.</Unicode>
                </TextEquiv>
            </TextLine>
            <TextEquiv>
                <Unicode></Unicode>
            </TextEquiv>
        </TextRegion>
    </Page>
</PcGts>
