2479 3508
580 1228 673 1288 9tes
715 1234 890 1294 Stück.

340 1331 491 1391 Lindau,
522 1335 705 1395 Frankfurt
736 1334 796 1394 und
827 1334 970 1394 Leipzig.

140 1375 289 1435 Dacob
326 1380 404 1440 Otto
441 1381 591 1441 verlegt:
622 1381 899 1441 "Ausführliche
923 1380 984 1440 und
1008 1381 1152 1441 kritische
1195 1375 1430 1435 ausgegeben;
1473 1375 1527 1435 daß
1569 1377 1617 1437 die
1648 1376 1755 1436 dasige
1786 1381 2196 1441 Naturforschende

240 1423 458 1483 Nachrichten
482 1425 539 1485 von
569 1425 620 1485 den
650 1425 748 1485 besten
778 1425 835 1485 und
864 1425 1147 1485 merkwürdigsten

148 1470 350 1530 Schriften
379 1473 504 1533 unserer
533 1473 623 1533 Zeit,
653 1473 743 1533 nebst
765 1476 883 1536 andern
919 1476 975 1536 zur
996 1476 1157 1536 Gelahrt¬

147 1517 242 1577 "heit
263 1524 433 1584 gehörigen
461 1524 631 1584 Sachen."
687 1524 796 1584 Diese
817 1526 1001 1586 periodische
1022 1527 1158 1587 Schrift

140 1572 200 1632 hat
227 1573 287 1633 mit
308 1572 361 1632 dem
402 1575 535 1635 vorigen
570 1578 717 1638 1763ten
752 1581 865 1641 Jahre
893 1581 979 1641 ihren
1020 1581 1147 1641 Anfang

146 1625 360 1685 genommen,
386 1628 494 1688 macht
513 1628 607 1688 außer
627 1628 677 1688 der
703 1628 861 1688 Literatur
887 1631 1082 1691 vornemlich
1108 1633 1158 1693 die

149 1677 401 1737 Beurtheilung
439 1679 697 1739 theologischer,
717 1681 926 1741 moralischer
957 1682 1012 1742 und
1050 1682 1160 1742 politi¬

150 1727 231 1787 scher
257 1729 425 1789 Schriften
464 1727 494 1787 zu
526 1728 620 1788 ihrem
659 1729 896 1789 Gegenstand,
922 1730 1009 1790 nebst
1035 1730 1147 1790 kurzen

149 1775 307 1835 Anzeigen
359 1775 415 1835 von
467 1778 523 1838 den
563 1775 722 1835 gelehrten
762 1778 926 1838 Sachen,
961 1778 1074 1838 welche
1103 1781 1148 1841 die

149 1822 321 1882 Schweitz
340 1825 506 1885 angehen,
518 1825 571 1885 und
595 1822 702 1882 liefert
727 1822 857 1882 zugleich
881 1825 1160 1885 Originalstücke.

152 1869 244 1929 Weil
263 1873 311 1933 die
337 1873 497 1933 Verfaßer
516 1870 571 1930 den
596 1870 732 1930 Einfluß
757 1870 948 1930 öffentlicher
980 1876 1158 1936 Beurthei¬

143 1921 261 1981 lungen
292 1920 315 1980 in
352 1918 399 1978 die
423 1915 578 1975 Bildung
603 1915 655 1975 des
692 1916 912 1976 herrschenden
942 1920 1150 1980 Geschmacks

142 1968 339 2028 wenigstens
365 1963 421 2023 bey
447 1960 669 2020 kurzsichtigen
689 1965 1069 2025 Handwerksgelehrten
1095 1972 1126 2032 em

151 2017 322 2077 pfunden;
347 2011 376 2071 so
407 2008 530 2068 werden
567 2011 602 2071 sie
632 2010 679 2070 sich
709 2010 763 2070 die
793 2011 934 2071 heiligste
959 2017 1166 2077 Gewißens¬

154 2061 236 2121 sache
260 2058 379 2118 daraus
403 2058 551 2118 machen,
575 2058 621 2118 die
646 2059 799 2119 Gelübde
824 2061 1060 2121 leichtsinniger
1078 2065 1166 2125 Vor¬

150 2106 242 2166 reden
267 2106 408 2166 strenger
433 2108 476 2168 als
501 2109 568 2169 ihre
593 2112 777 2172 Vorfahren
815 2112 870 2172 und
901 2112 1091 2172 Mitbrüder
1117 2117 1147 2177 zu

150 2157 300 2217 erfüllen.
334 2157 408 2217 Wir
422 2160 629 2220 vermuthen,
642 2163 699 2223 daß
725 2163 787 2223 vier
807 2165 932 2225 Stücke
946 2163 1028 2223 einen
1054 2163 1160 2223 Jahr¬

149 2208 234 2268 gang
257 2209 452 2269 ausmachen
481 2211 635 2271 werden;
665 2211 767 2271 haben
797 2214 865 2274 aber
894 2211 997 2271 keinen
1020 2214 1157 2274 Anstand

152 2256 287 2316 nehmen
319 2258 422 2318 wollen
449 2258 497 2318 den
522 2259 651 2319 Inhalt
671 2261 719 2321 der
739 2261 806 2321 drey
831 2261 923 2321 ersten
949 2258 1158 2318 anzuzeigen,

151 2306 253 2366 davon
279 2309 362 2369 jedes
388 2309 401 2369 6
433 2309 548 2369 Bogen
581 2306 606 2366 in
639 2309 652 2369 8
685 2312 832 2372 enthält.
878 2311 928 2371 In
961 2306 1012 2366 dem
1051 2306 1147 2366 ersten

151 2357 263 2417 Stück
288 2357 371 2417 wird
395 2357 448 2417 der
472 2357 544 2417 erste
574 2357 675 2417 Band
705 2359 764 2419 von
794 2360 842 2420 der
872 2354 1151 2414 Clarkeschen

156 2408 441 2468 Paxaphrase
469 2408 521 2468 der
549 2405 568 2465 4
602 2408 860 2468 Evangelisten,
888 2404 1033 2464 Stolls
1060 2402 1159 2462 Psat¬

149 2449 219 2509 men
250 2453 385 2513 Davids
421 2452 444 2512 in
487 2455 645 2515 deutscher
664 2454 799 2514 Poesie,
824 2456 1048 2516 Wegelins
1078 2449 1160 2509 reli¬

154 2497 240 2557 giöse
264 2502 443 2562 Gespräche
466 2503 518 2563 der
542 2503 662 2563 Todten
686 2503 744 2563 und
773 2506 853 2566 seine
877 2501 1143 2561 Beherzigungen

150 2545 200 2605 der
226 2551 525 2611 Beherzigungen,
544 2552 715 2612 Hirzels
741 2557 956 2617 Wirthschaft
982 2551 1065 2611 eines
1084 2545 1160 2605 phi¬

151 2596 358 2656 losophischen
394 2602 560 2662 Bauers,
596 2601 767 2661 Lüllins
810 2607 922 2667 heilige
964 2601 1070 2661 Reden
1106 2593 1153 2653 re¬

152 2643 278 2703 censirt.
327 2643 411 2703 Das
442 2649 684 2709 Originalstück
721 2649 780 2709 vom
836 2655 938 2715 Herrn
981 2645 1144 2705 Profeßor

158 2691 373 2751 Bodmer,
398 2696 440 2756 ist
460 2697 502 2757 ein
527 2697 736 2757 Gespräch
780 2703 816 2763 im
860 2701 1032 2761 Elysium
1076 2694 1155 2754 zwi¬

154 2746 237 2806 schen
268 2742 315 2802 dem
359 2744 490 2804 Meßala
521 2748 689 2808 Corvinus
720 2748 780 2808 und
811 2754 871 2814 M.
895 2751 1046 2811 Brutus.
1083 2744 1130 2804 Un

152 2793 199 2853 ter
230 2795 277 2855 den
314 2793 525 2853 Nachrichten
568 2796 670 2856 finden
707 2799 791 2859 wir,
834 2803 888 2863 daß
925 2799 1008 2859 Herr
1039 2793 1153 2853 Fäsi,

142 2847 306 2907 Prediger
331 2847 361 2907 in
386 2847 503 2907 Zürch,
520 2847 786 2907 Abhandlungen
810 2852 889 2912 über
913 2849 1062 2909 wichtige
1078 2841 1148 2901 Be=

987 1234 1204 1294 Freytag,
1241 1231 1304 1291 den
1359 1234 1414 1294 2.
1451 1234 1604 1294 März.
1633 1234 1777 1294 1764.

1192 1333 1399 1393 gebenheiten
1429 1333 1486 1393 aus
1510 1333 1561 1393 der
1591 1333 1671 1393 alten
1707 1333 1770 1393 und
1794 1333 1891 1393 neuen
1927 1333 2106 1393 Geschichte
2130 1332 2198 1392 her¬

1196 1421 1472 1481 Gesellschaft
1501 1422 1555 1482 für
1578 1422 1622 1482 die
1645 1422 1822 1482 Landleute
1844 1425 1894 1485 des
1922 1431 2188 1491 Zürchergebiets

1196 1470 1242 1530 die
1263 1470 1335 1530 erste
1370 1471 1516 1531 Aufgabe
1537 1473 1777 1533 ausgefertigt,
1804 1476 1917 1536 welche
1938 1479 2091 1539 folgende
2119 1482 2198 1542 Fra¬

1191 1526 1249 1586 gen
1279 1521 1425 1581 enthält:

1242 1576 1286 1636 1)
1306 1575 1356 1635 In
1382 1575 1510 1635 welchen
1542 1575 1644 1635 Fällen
1677 1572 1727 1632 die
1747 1574 1842 1634 Häge
1869 1573 1938 1633 oder
1964 1575 2079 1635 Zäune
2099 1575 2194 1635 noth¬

1187 1625 1335 1685 wendig,
1361 1625 1546 1685 überflüßig
1565 1625 1633 1685 oder
1659 1625 1751 1685 wohl
1771 1625 1826 1685 gar
1851 1625 1993 1685 schädlich
2019 1625 2111 1685 sind?
2155 1627 2192 1687 2,

1189 1676 1296 1736 Wenn
1326 1676 1397 1736 man
1428 1676 1475 1736 die
1493 1675 1606 1735 Zäune
1637 1676 1690 1736 als
1715 1676 1893 1736 überflüßig
1924 1676 2054 1736 ansehen
2085 1676 2203 1736 müste,

1193 1725 1252 1785 wie
1274 1727 1322 1787 die
1345 1727 1453 1787 Güter
1487 1727 1541 1787 auf
1563 1727 1633 1787 eine
1661 1727 1775 1787 andere
1798 1724 1950 1784 bequeme
1983 1726 2048 1786 Art
2065 1726 2097 1786 zu
2130 1725 2200 1785 ver¬

1186 1775 1321 1835 wahren
1358 1775 1452 1835 sind?
1500 1776 1547 1836 3)
1565 1778 1612 1838 Im
1660 1775 1736 1835 Fall
1755 1773 1825 1833 aber
1849 1774 1961 1834 Zäune
1980 1772 2186 1832 nothwendig

1182 1823 1341 1883 gefunden
1369 1822 1521 1882 werden,
1544 1822 1658 1882 welche
1681 1822 1740 1882 Art
1764 1820 1916 1880 derselben
1944 1822 2014 1882 nach
2042 1822 2201 1882 Beschaf=

1183 1869 1310 1929 fenheit
1334 1868 1386 1928 der
1416 1873 1590 1933 Umstände
1614 1873 1659 1933 die
1683 1870 1864 1930 nützlichste
1888 1870 1963 1930 oder
1992 1870 2027 1930 am
2074 1870 2178 1930 wenig

1198 1918 1252 1978 sten
1282 1915 1426 1975 schädlich
1457 1917 1534 1977 sey?

1251 1960 1319 2020 Die
1336 1963 1552 2023 Gesellschaft
1576 1966 1653 2026 wird
1685 1966 1747 2026 alle
1771 1967 1863 2027 Jahr
1879 1969 1894 2029 2
1926 1969 1987 2029 mal
2011 1969 2080 2029 eine
2096 1969 2188 2029 solche

1191 2012 1338 2072 Aufgabe
1367 2008 1543 2068 vorlegen,
1572 2010 1623 2070 den
1657 2014 1851 2074 Landleuten
1880 2017 1896 2077 4
1925 2014 1971 2074 bis
2006 2017 2016 2077 5
2051 2018 2192 2078 Monati

1193 2064 1266 2124 Zeit
1278 2061 1329 2121 zur
1346 2052 1606 2112 Beantwortung
1635 2055 1720 2115 laßen
1749 2058 1805 2118 und
1834 2058 1884 2118 die
1907 2058 1986 2118 beste
2004 2058 2065 2118 mit
2089 2061 2173 2121 einem

1197 2109 1388 2169 doppelten,
1413 2100 1461 2160 die
1479 2099 1599 2159 nächste
1618 2100 1695 2160 aber
1714 2100 1774 2160 mit
1798 2102 1882 2162 einem
1925 2104 2081 2164 einfachen
2111 2108 2195 2168 Zür¬

1190 2156 1383 2216 cherducaten
1432 2148 1613 2208 vergelten.
1687 2151 1838 2211 Hierauf
1869 2151 1989 2211 werden
2039 2151 2086 2211 die
2123 2155 2195 2215 Be¬

1197 2205 1383 2265 mühungen
1413 2196 1461 2256 des
1485 2200 1587 2260 Herrn
1618 2202 1725 2262 Prof.
1744 2204 1912 2264 Bodmers
1943 2205 2195 2265 angekündiget,

1193 2253 1259 2313 eine
1288 2246 1504 2306 Baumschule
1527 2252 1638 2312 junger
1666 2252 1755 2312 Leute
1777 2253 1833 2313 von
1861 2255 1894 2315 14
1917 2255 1966 2315 bis
1989 2255 2028 2315 20
2062 2255 2189 2315 Jahren

1188 2308 1215 2368 zu
1250 2297 1389 2357 ziehen,
1418 2296 1467 2356 die
1490 2303 1691 2363 wöchentlich
1720 2306 1842 2366 einmal
1871 2305 1898 2365 in
1932 2303 2021 2363 einem
2061 2306 2200 2366 öffentli¬

1180 2348 1248 2408 chen
1277 2345 1385 2405 Hause
1403 2350 1500 2410 unter
1523 2351 1574 2411 der
1598 2355 1740 2415 Aufsicht
1758 2354 1809 2414 des
1833 2351 1935 2411 Herrn
1970 2354 2072 2414 Franz
2096 2354 2198 2414 Mül¬

1185 2399 1270 2459 lers,
1287 2396 1445 2456 Diaconi
1463 2402 1496 2462 an
1531 2402 1575 2462 der
1604 2402 1825 2462 französischen
1848 2402 1978 2462 Kirche,
1996 2405 2193 2465 zusammen¬

1185 2443 1329 2503 kommen
1363 2444 1401 2504 um
1458 2450 1508 2510 sich
1542 2453 1697 2513 einander
1720 2452 1903 2512 moralische
1926 2449 1998 2509 oder
2027 2452 2187 2512 politische

1188 2494 1351 2554 Versuche
1374 2500 1578 2560 vorzulesen.
1629 2501 1697 2561 Aus
1726 2500 1816 2560 Bern
1845 2497 1923 2557 wird
1947 2500 2122 2560 gemeldet,
2134 2503 2184 2563 daß

1186 2545 1233 2605 die
1263 2545 1364 2605 dasige
1395 2551 1597 2611 Helvetische
1621 2551 1859 2611 Gesellschaft,
1884 2549 1996 2609 welche
2014 2548 2073 2608 aus
2098 2551 2180 2611 ihren

1186 2596 1406 2656 Mitgliedern
1446 2599 1508 2659 und
1544 2599 1759 2659 Einrichtung
1793 2598 1861 2658 noch
1896 2598 1941 2658 ein
1981 2598 2179 2658 Geheimniß

1182 2643 1304 2703 macht,
1332 2646 1416 2706 einen
1450 2646 1549 2706 Preis
1577 2646 1633 2706 von
1661 2646 1700 2706 20
1728 2646 1878 2706 Ducaten
1918 2644 1939 2704 im
1984 2649 2179 2709 verfloßenen

1182 2694 1301 2754 Jahre
1320 2697 1374 2757 auf
1392 2699 1536 2759 folgende
1567 2694 1681 2754 Fragen
1712 2693 1922 2753 ausgestellt:

1233 2745 1275 2805 1)
1313 2743 1423 2803 Durch
1460 2748 1571 2808 welche
1608 2745 1729 2805 Mittel
1756 2745 1872 2805 konnen
1909 2745 1956 2805 die
1989 2743 2183 2803 verdorbene

1193 2790 1306 2850 Sitten
1339 2796 1419 2856 eines
1447 2796 1554 2856 Volks
1587 2793 1701 2853 wieder
1734 2790 1912 2850 hergestellt
1945 2790 2095 2850 werden,
2118 2790 2177 2850 und

1190 2844 1261 2904 was
1286 2847 1340 2907 hat
1370 2847 1418 2907 der
1444 2844 1654 2904 Gesetzgeber
1679 2844 1781 2904 hierzu
1818 2846 1872 2906 für
1897 2844 1981 2904 einen
2012 2840 2089 2900 Weg
2126 2840 2192 2900 ein¬

2135 2894 2174 2954 zu
