2479 3508
586 1249 701 1309 IItes
751 1252 915 1312 Stück.

562 1348 750 1408 Berlin.

916 1499 1024 1559 Diese
1055 1498 1176 1558 männ¬

146 1501 394 1561 Karschin,
420 1500 531 1560 1764.
563 1499 618 1559 S.
637 1497 723 1557 363.
749 1499 779 1559 in
811 1500 854 1560 8.

143 1553 223 1613 liche
248 1553 403 1613 Muse,
434 1551 477 1611 ein
502 1551 650 1611 Wunder
676 1551 762 1611 ihres
800 1551 1003 1611 Geschlechts
1029 1554 1090 1614 und
1116 1551 1152 1611 un

148 1608 209 1668 sers
238 1607 528 1667 Jahrhunderts,
557 1605 664 1665 wurde
699 1605 852 1665 1722.*
881 1605 915 1665 an
955 1605 1005 1665 der
1035 1605 1170 1665 Gränze

156 1658 213 1718 von
248 1656 548 1716 Niederschlesien,
572 1655 722 1715 zwischen
751 1655 936 1715 Züllichau,
960 1658 1167 1718 Schwiebus

144 1709 208 1769 und
236 1710 388 1770 Croßen,
411 1711 443 1771 an
476 1709 563 1769 einem
607 1709 727 1769 kleinen
749 1706 830 1766 Orte
852 1709 1016 1769 geboren,
1038 1708 1173 1768 welcher

142 1760 201 1820 der
231 1763 398 1823 Hammer
419 1758 567 1818 genennt
587 1757 690 1817 wird,
716 1757 779 1817 und
814 1757 883 1817 eine
913 1757 1076 1817 Meyerey
1111 1756 1169 1816 von

146 1809 254 1869 wenig
285 1810 436 1870 Häusern
473 1808 527 1868 ist.
601 1806 679 1866 Ihr
710 1804 813 1864 Vater
844 1802 916 1862 hieß
941 1806 1171 1866 Dürbach,

150 1857 221 1917 war
243 1859 298 1919 der
315 1858 448 1918 Brauer
471 1855 542 1915 auch
571 1850 752 1910 Gastwirth
781 1850 830 1910 des
853 1849 963 1909 Orts,
992 1853 1052 1913 und
1080 1855 1168 1915 unter

142 1907 198 1967 den
227 1909 243 1969 7
272 1906 459 1966 armseligen
488 1899 715 1959 Einwohnern
744 1899 796 1959 der
825 1897 1074 1957 ansehnlichste.
1115 1906 1165 1966 In

143 1957 238 2017 ihrem
281 1955 431 2015 siebenten
462 1948 576 2008 Jahr,
600 1945 672 2005 kurz
697 1945 750 2005 vor
775 1945 865 2005 ihres
890 1947 1015 2007 Vaters
1046 1951 1076 2011 zu
1100 1953 1172 2013 frü¬

145 2008 202 2068 hem
244 2004 359 2064 Tode,
383 1998 470 2058 nahm
523 1993 610 2053 ihrer
645 1993 872 2053 Großmutter
907 1996 1075 2056 Bruder,

145 2105 185 2165 sie
214 2100 289 2160 lesen
330 2097 394 2157 und
423 2097 603 2157 schreiben.
656 2099 707 2159 In
742 2097 829 2157 ihrem
876 2096 1009 2156 zehnten
1050 2097 1165 2157 Jahre

145 2151 280 2211 giengen
322 2148 375 2208 die
405 2150 682 2210 Mühseligkeiten
724 2151 777 2211 des
807 2148 930 2208 Lebens
960 2148 1030 2208 an,
1055 2147 1101 2207 die
1125 2145 1148 2205 si

135 2204 272 2264 hernach
315 2202 368 2262 bis
405 2202 440 2262 an
477 2202 536 2262 ihr
567 2202 764 2262 vierzigstes
806 2199 836 2259 im
890 2199 1010 2259 großen
1046 2196 1171 2256 Ueber¬

144 2255 235 2315 maas
268 2252 491 2312 empfunden.
545 2249 615 2309 Sie
638 2249 751 2309 wurde
773 2249 860 2309 ihrer
888 2246 1022 2306 Mutter
1045 2246 1163 2306 wieder

139 2309 252 2369 zurück
275 2306 433 2366 gegeben.
479 2303 598 2363 Zuerst
621 2302 723 2362 muste
752 2302 791 2362 sie
814 2295 1041 2355 Kindermagd
1070 2294 1160 2354 ihres

134 2357 368 2417 Halbbruders
401 2354 550 2414 werden,
572 2351 636 2411 und
664 2351 733 2411 bald
760 2351 883 2411 darauf
905 2347 1011 2407 wurde
1039 2343 1086 2403 ihr
1114 2342 1161 2402 die

142 2408 344 2468 Besorgung
386 2404 443 2464 und
478 2402 704 2462 Verpflegung
739 2404 803 2464 von
838 2402 855 2462 3
891 2396 1076 2456 Rindern,
1111 2390 1162 2450 der

142 2455 260 2515 ganzen
284 2456 408 2516 Heerde
432 2453 516 2513 ihrer
545 2452 675 2512 Eltern,
693 2452 925 2512 aufgetragen.
971 2444 1067 2504 Kurz
1090 2439 1163 2499 vor¬

146 2503 199 2563 her
224 2506 338 2566 zeigten
369 2505 416 2565 sich
447 2503 501 2563 die
526 2500 616 2560 ersten
653 2500 797 2560 Spuren
834 2503 924 2563 eines
955 2492 1153 2552 natürlichen

142 2554 282 2614 Hanges
311 2554 369 2614 zur
399 2551 597 2611 Dichtkunst
627 2551 790 2611 dadurch,
825 2554 883 2614 daß
907 2554 947 2614 sie
977 2548 1047 2608 eine
1065 2539 1163 2599 unge¬

141 2602 321 2662 wöhnliche
346 2602 418 2662 Lust
437 2603 490 2663 zum
527 2599 659 2659 Singen
684 2601 810 2661 fühlte,
835 2604 895 2664 und
920 2598 1058 2658 hundert
1071 2590 1161 2650 geist.

135 2655 210 2715 liche
234 2649 479 2709 Kirchenlieder
509 2649 708 2709 auswendig
743 2652 865 2712 wuste,
889 2653 941 2713 die
971 2648 1011 2708 sie
1035 2643 1087 2703 bey
1111 2641 1157 2701 ih¬

142 2709 188 2769 rer
217 2700 333 2760 Arbeit
357 2700 414 2760 und
444 2700 495 2760 bey
519 2700 571 2760 der
595 2700 734 2760 Hütung
769 2703 856 2763 ihrer
880 2703 995 2763 kleinen
1025 2693 1152 2753 Heerde

140 2760 240 2820 sang.
291 2751 447 2811 Hierauf
480 2749 623 2809 entstand
662 2749 718 2809 bey
750 2752 799 2812 ihr
832 2756 881 2816 die
908 2748 1070 2808 Begierde
1102 2741 1145 2801 ein

139 2809 361 2869 Morgenlied
392 2802 484 2862 selbst
516 2802 546 2862 zu
584 2799 818 2859 verfertigen,
850 2807 905 2867 von
943 2802 991 2862 dem
1042 2796 1078 2856 sie
1103 2793 1152 2853 sich

149 2864 221 2924 aber
248 2859 347 2919 nichts
368 2855 460 2915 mehr
480 2852 632 2912 erinnern
659 2852 758 2912 kann.
805 2856 857 2916 Jn
891 2855 983 2915 ihrem
1017 2847 1156 2907 Hirten=

306 2966 359 3026 S.
369 2964 405 3024 7.
415 2960 478 3020 wird
506 2960 541 3020 der
570 2959 614 3019 iste
633 2957 678 3017 des
697 2960 906 3020 Weinmnonats,
935 2961 979 3021 G.
999 2957 1061 3017 277.
1080 2954 1134 3014 aber
1153 2954 1198 3014 der
1217 2954 1261 3014 ite
1281 2956 1325 3016 des
1344 2954 1563 3014 Ehristmonaths
1582 2951 1626 3011 ihr
1646 2951 1808 3011 Seburtstag
1828 2951 1963 3011 genannt.

1029 1250 1243 1310 Freytag,
1283 1251 1347 1311 den
1404 1252 1460 1312 9.
1489 1252 1628 1312 März.
1667 1257 1816 1317 1764.

1214 1348 1302 1408 leben
1341 1348 1392 1408 siel
1412 1350 1482 1410 noch
1514 1348 1559 1408 ein
1585 1348 1726 1408 anderer
1752 1351 1911 1411 Umstand
1944 1354 2026 1414 vor,
2053 1357 2104 1417 der
2123 1357 2212 1417 ihrem

158 1406 277 1466 Bey
308 1399 360 1459 G.
383 1398 420 1458 L.
435 1394 570 1454 Winter
594 1396 660 1456 sind
691 1393 1036 1453 herausgekommen:
1060 1393 1179 1453 Aus=
1210 1390 1329 1450 Genie
1352 1395 1427 1455 sehr
1458 1393 1487 1453 zu
1526 1393 1630 1453 Hülfe
1661 1396 1750 1456 kam.
1796 1398 1878 1458 Sie
1902 1402 2021 1462 wurde
2044 1404 2103 1464 mit
2127 1408 2216 1468 einem

194 1449 460 1509 Serlesene
493 1449 707 1509 Gedichte
741 1446 818 1506 von
864 1446 981 1506 Anna
1014 1446 1163 1506 Louisa
1209 1443 1462 1503 Hirtenknaben
1489 1443 1651 1503 bekannt,
1684 1443 1736 1503 der
1756 1446 1840 1506 ihr,
1873 1449 1911 1509 ob
1938 1450 1976 1510 sie
2003 1454 2100 1514 gleich
2133 1458 2224 1518 durch

1204 1493 1288 1553 einen
1317 1494 1437 1554 kleinen
1466 1494 1546 1554 Fluß
1569 1494 1631 1554 mit
1656 1494 1740 1554 ihren
1764 1497 1912 1557 Heerden
1935 1500 2089 1560 getrennt
2113 1507 2243 1567 waren,

1197 1547 1308 1607 einige
1328 1548 1458 1608 Bücher
1478 1548 1614 1608 zutrug.
1659 1548 1739 1608 Der
1764 1548 2026 1608 Robinson,
2052 1554 2107 1614 die
2133 1557 2238 1617 asia¬

1199 1602 1329 1662 tische
1367 1602 1541 1662 Banise
1579 1599 1641 1659 und
1686 1599 1747 1659 die
1785 1602 1972 1662 tausend
2010 1602 2090 1662 und
2135 1604 2234 1664 eine

1205 1652 1341 1712 Nacht
1373 1652 1478 1712 waren
1510 1652 1584 1712 ihre
1603 1652 1833 1712 Bibliotheck,
1859 1655 1977 1715 welche
1996 1655 2108 1715 unsere
2133 1655 2232 1715 junge

1202 1703 1319 1763 Hirtin
1351 1706 1418 1766 mit
1444 1704 1561 1764 großer
1593 1706 1766 1766 Begierde
1798 1706 1940 1766 gelesen.
1997 1706 2108 1766 Allein
2146 1706 2226 1766 diese

1212 1754 1466 1814 Glückseligkeit
1490 1754 1553 1814 war
1583 1754 1635 1814 von
1670 1756 1733 1816 sehr
1757 1756 1867 1816 kurzer
1891 1755 2036 1815 Dauer;
2065 1754 2105 1814 sie
2129 1757 2226 1817 muste

1209 1803 1283 1863 bald
1307 1805 1428 1865 darauf
1452 1802 1538 1862 ihren
1568 1807 1787 1867 angenehmen
1816 1805 2030 1865 Hirtenstand
2060 1807 2233 1867 verlaßen,

1211 1849 1269 1909 und
1297 1849 1356 1909 zum
1394 1852 1529 1912 zweyten
1562 1854 1653 1914 mahl
1675 1855 1955 1915 Kinderwärterin
1989 1855 2134 1915 werden.
2162 1856 2210 1916 Un

1193 1897 1239 1957 ter
1275 1897 1367 1957 diesen
1403 1900 1461 1960 und
1496 1902 1618 1962 andern
1648 1903 1840 1963 Geschäften
1876 1903 1963 1963 einer
1993 1906 2219 1966 Dienstmagi

1200 1946 1351 2006 erreichte
1376 1945 1411 2005 sie
1436 1948 1484 2008 ihr
1515 1951 1769 2011 siebenzehentes
1806 1954 1927 2014 Jahr,
1952 1956 1981 2016 in
2012 1955 2139 2015 welchem
2182 1957 2218 2017 sie

1202 1999 1253 2059 die
1277 1991 1444 2051 Laufbahn
1480 1995 1554 2055 weit
1590 1999 1745 2059 größerer
1786 2004 2063 2064 Mühseligkeiten
2099 2008 2225 2068 antrat.

146 2052 302 2112 frommer
335 2044 466 2104 Greis,
491 2046 528 2106 sie
555 2046 623 2106 nach
655 2044 780 2104 Pohlen
812 2043 843 2103 zu
869 2043 949 2103 sich,
976 2043 1038 2103 und
1064 2047 1164 2107 lehrte
1202 2045 1302 2105 Ihre
1321 2040 1453 2100 Mutter
1479 2042 1729 2102 verheyrathete
1755 2046 1792 2106 sie
1811 2048 1843 2108 an
1875 2049 1962 2109 einen
1994 2052 2131 2112 Mann,
2151 2054 2207 2114 dem

1203 2097 1242 2157 sie
1266 2094 1321 2154 alle
1339 2086 1474 2146 Wolle,
1497 2085 1547 2145 die
1576 2086 1609 2146 er
1638 2091 1881 2151 verarbeitete,
1904 2091 1937 2151 zu
1966 2094 2062 2154 rechte
2085 2099 2209 2159 machen

1195 2144 1330 2204 mußte,
1344 2136 1405 2196 und
1433 2134 1473 2194 da
1501 2133 1636 2193 überdem
1678 2139 1738 2199 alle
1753 2139 1854 2199 andre
1875 2139 2045 2199 häusliche
2066 2147 2221 2207 Geschäf¬

1204 2193 1229 2253 te
1256 2190 1334 2250 einer
1361 2187 1484 2247 Frauen
1511 2187 1602 2247 allein
1636 2190 1687 2250 auf
1707 2190 1759 2250 ihr
1779 2193 1903 2253 lagen;
1930 2193 1955 2253 so
1982 2193 2073 2253 hatte
2100 2196 2138 2256 sie
2158 2199 2216 2259 kei¬

1200 2242 1237 2302 ne
1269 2237 1381 2297 andere
1407 2237 1519 2297 Muße
1551 2240 1600 2300 für
1632 2243 1700 2303 ihre
1732 2243 1951 2303 Leidenschaft
1977 2246 2007 2306 zu
2039 2249 2114 2309 lesen
2146 2251 2207 2311 und

1200 2287 1307 2347 Lieder
1338 2285 1368 2345 zu
1405 2288 1561 2348 schreiben
1598 2296 1718 2356 übrig,
1743 2297 1796 2357 als
1827 2299 1936 2359 einige
1967 2300 2123 2360 Stunden
2159 2303 2213 2363 der

1198 2336 1394 2396 Sonntage,
1448 2341 1506 2401 Da
1531 2345 1643 2405 schrieb
1673 2347 1708 2407 sie
1733 2347 1780 2407 die
1804 2348 1910 2408 Lieder
1935 2348 2011 2408 auf,
2036 2348 2148 2408 welche
2178 2353 2213 2413 sie

1194 2387 1283 2447 unter
1313 2387 1397 2447 ihrer
1426 2393 1544 2453 Arbeit
1562 2399 1709 2459 gemacht
1727 2399 1834 2459 hatte.
1880 2399 1976 2459 Nach
2005 2399 2095 2459 einer
2112 2402 2214 2462 neun¬

1191 2435 1335 2495 jährigen
1366 2440 1438 2500 Ehe
1457 2444 1548 2504 ward
1573 2447 1609 2507 sie
1634 2449 1730 2509 dieses
1749 2447 1888 2507 Bandes
1920 2446 1985 2506 los,
2010 2449 2046 2509 um
2089 2449 2125 2509 ein
2150 2452 2216 2512 viel

1195 2486 1345 2546 härteres
1375 2489 1411 2549 zu
1442 2497 1622 2557 ertragen;
1659 2499 1737 2559 denn
1767 2497 1839 2557 ihre
1870 2497 2002 2557 Mutter
2033 2500 2141 2560 führte
2171 2503 2207 2563 sie

1187 2537 1271 2597 nicht
1296 2542 1393 2602 lange
1424 2545 1558 2605 hernach
1595 2548 1679 2608 einem
1729 2546 1868 2606 zweyten
1906 2549 2046 2609 Manne
2071 2551 2131 2611 zu,
2156 2553 2210 2613 bey

1186 2588 1239 2648 dem
1282 2591 1316 2651 sie
1341 2596 1418 2656 alles
1442 2599 1585 2659 ertragen
1615 2599 1745 2659 muste,
1770 2599 1841 2659 was
1865 2596 1919 2656 die
1949 2601 2210 2661 unglückseligste

1200 2639 1265 2699 Ehe
1284 2643 1344 2703 und
1369 2646 1416 2706 die
1441 2649 1579 2709 bitterste
1598 2649 1815 2709 Dürftigkeit
1834 2646 1985 2706 schweres
2009 2650 2069 2710 und
2094 2652 2214 2712 nieder¬

1182 2693 1387 2753 schlagendes
1422 2698 1553 2758 haben.
1605 2697 1691 2757 Aber
1720 2697 1794 2757 eben
1829 2697 1857 2757 in
1897 2698 1994 2758 diesem
2041 2702 2217 2762 allerküm¬

1187 2745 1380 2805 merlichsten
1411 2749 1472 2809 und
1497 2748 1715 2808 armseligsten
1747 2748 1849 2808 Theil
1868 2745 1959 2805 ihres
1990 2748 2105 2808 Lebens
2130 2750 2214 2810 zeig¬

1180 2793 1215 2853 te
1239 2794 1285 2854 die
1315 2799 1436 2859 Natur
1461 2799 1536 2859 ihre
1560 2798 1664 2858 gröste
1688 2797 1816 2857 Stärke
1840 2796 1863 2856 in
1893 2796 1945 2856 dem
1992 2796 2102 2856 Genie
2121 2799 2213 2859 unse¬

1192 2847 1240 2907 rer
1261 2849 1453 2909 Dichterin.
1502 2852 1578 2912 Ihr
1606 2847 1709 2907 kamen
1737 2847 1847 2907 einige
1868 2844 1972 2904 Verse
1993 2844 2041 2904 des
2069 2847 2213 2907 bekann¬

2143 2898 2200 2958 ten
