2479 3508
551 1341 747 1401 Berlin,

146 1387 339 1447 Sunfzehn
364 1387 540 1447 Bändchen
571 1390 631 1450 von
668 1390 722 1450 den
753 1390 935 1450 Briefen
972 1390 1032 1450 die
1063 1390 1160 1450 neu¬

148 1433 309 1493 Yeste
344 1434 598 1494 Litteratur
634 1437 899 1497 betreffend,
929 1437 1033 1497 haben
1074 1437 1160 1497 nicht

150 1480 208 1540 nur
236 1479 289 1539 das
322 1481 495 1541 Verdienst
528 1481 576 1541 der
609 1485 679 1545 noch
712 1485 933 1545 unerkannten
972 1488 1160 1548 Kunstrich¬

142 1530 208 1590 ter,
230 1530 364 1590 sondern
392 1533 464 1593 auch
492 1533 541 1593 den
576 1536 703 1596 Namen
731 1536 787 1596 des
810 1539 915 1599 Herrn
949 1539 1160 1599 Nicolai,

146 1578 236 1638 ihres
270 1581 474 1641 Verlegers,
503 1587 661 1647 berühmt
685 1590 842 1650 gemacht.
900 1592 1001 1652 Ohne
1030 1592 1064 1652 an
1104 1593 1154 1653 der

148 1631 176 1691 im
212 1633 327 1693 Reiche
345 1634 397 1694 der
415 1637 676 1697 Gelehrsamkeit
700 1643 920 1703 einreißenden
949 1643 1157 1703 Anarchie

146 1683 209 1743 und
239 1685 507 1745 Bigotterie
542 1691 664 1751 einigen
694 1694 839 1754 Antheil
863 1694 891 1754 zu
922 1694 1084 1754 nehmen,
1114 1696 1165 1756 be¬

150 1736 271 1796 gnügen
298 1736 361 1796 wir
378 1739 435 1799 uns
457 1739 674 1799 gegenwärtig
701 1741 753 1801 den
775 1742 928 1802 Innhalt
949 1742 1002 1802 des
1024 1744 1150 1804 XVIten

153 1784 296 1844 Theils,
313 1787 362 1847 der
385 1787 412 1847 in
446 1789 501 1849 eilf
523 1787 661 1847 Briefen
695 1790 749 1850 das
767 1790 843 1850 erste
866 1791 998 1851 Viertel
1015 1793 1064 1853 des
1098 1795 1164 1855 ver¬

148 1831 292 1891 floßenen
323 1837 450 1897 Jahres
479 1834 647 1894 nachholt,
666 1837 723 1897 mit
741 1836 938 1896 möglichster
962 1837 1072 1897 Kürze
1096 1840 1153 1900 und

151 1883 395 1943 Zufriedenheit
418 1885 635 1945 anzuzeigen.
680 1882 757 1942 Die
780 1885 891 1945 beyden
925 1885 1013 1945 ersten
1042 1891 1158 1951 Briefe

153 1930 249 1990 dieses
282 1933 400 1993 Theils
433 1930 595 1990 enthalten
634 1928 719 1988 einen
758 1930 887 1990 Auszug
921 1932 974 1992 vom
1023 1935 1141 1995 Journa

151 1979 301 2039 etranger
324 1980 373 2040 des
396 1977 479 2037 1760
508 1978 563 2038 und
591 1978 758 2038 folgenden
787 1978 931 2038 Jahres.
948 1981 1026 2041 Der
1043 1984 1154 2044 257ste

153 2025 263 2085 Brief
281 2025 396 2085 betrift
419 2024 463 2084 die
485 2025 751 2085 Abhandlungen
790 2027 839 2087 der
868 2028 1155 2088 Duisburgischen

154 2073 384 2133 Gesellschaft.
431 2076 483 2136 Jm
524 2076 656 2136 258sten
686 2078 801 2138 Briefe
831 2079 946 2139 theilen
975 2079 1021 2139 die
1045 2079 1165 2139 Kunst=

151 2121 269 2181 richter
292 2121 336 2181 ein
365 2124 579 2184 treuherziges
608 2127 788 2187 Schreiben
823 2130 873 2190 des
896 2130 1002 2190 Herrn
1031 2129 1161 2189 Gehei¬

155 2172 327 2232 menraths
346 2174 401 2234 von
426 2178 616 2238 Moseran
641 2181 728 2241 ihren
747 2183 1023 2243 sokratischen
1049 2181 1165 2241 Jüng¬

148 2222 237 2282 ling,
255 2226 539 2286 Alcibiades,
563 2230 616 2290 den
652 2231 931 2291 Ungerathenen,
955 2231 1032 2291 mit.
1086 2230 1138 2290 Im

157 2273 221 2333 259
252 2276 311 2336 und
341 2276 399 2336 260
429 2277 553 2337 Briefe
578 2279 612 2339 ist
642 2280 701 2340 nur
738 2282 790 2342 von
820 2279 1063 2339 Hirtenbriefen
1099 2279 1157 2339 und

154 2327 477 2387 Schulhandlungen
518 2327 568 2387 die
591 2330 705 2390 Rede;
740 2330 767 2390 in
813 2330 864 2390 den
893 2330 955 2390 zwo
984 2324 1154 2384 folgenden

156 2375 228 2435 aber
245 2378 366 2438 werden
395 2378 455 2438 aus
478 2378 622 2438 gewißen
645 2379 921 2439 Vergleichungen
950 2378 999 2438 der
1022 2372 1160 2432 europa¬

148 2423 248 2483 ischen
284 2426 343 2486 und
374 2429 551 2489 asiatischen
581 2427 812 2487 Regierungen
849 2431 949 2491 einige
973 2423 1150 2483 Gedanken

157 2473 352 2533 angeführt,
365 2476 411 2536 die
430 2478 482 2538 zum
524 2476 683 2536 Entwurf
696 2478 779 2538 eines
803 2479 1010 2539 unverhoften
1034 2472 1163 2532 Lehrge.

154 2521 275 2581 bäudes
299 2523 351 2583 von
375 2524 427 2584 den
457 2527 601 2587 Strafen
631 2527 736 2587 Anlaß
765 2529 881 2589 geben.
905 2530 975 2590 Aus
993 2526 1038 2586 der
1057 2523 1160 2583 Nach=

157 2569 266 2629 schrift
295 2572 341 2632 des
382 2575 509 2635 262sten
556 2574 694 2634 Briefes
724 2578 890 2638 entlehnen
926 2580 983 2640 wir
1013 2572 1157 2632 folgende

157 2617 394 2677 Nachrichten,
417 2623 462 2683 die
485 2623 513 2683 zu
542 2625 592 2685 den
621 2626 684 2686 vier
702 2626 916 2686 Preisfragen
945 2631 996 2691 der
1013 2623 1166 2683 patrioti¬

156 2668 233 2728 schen
263 2667 477 2727 Gesellschaft
495 2671 518 2731 in
549 2671 637 2731 Bern
667 2670 827 2730 gehören.
875 2679 976 2739 Weil
994 2674 1077 2734 keine
1101 2670 1154 2730 von

160 2718 252 2778 denen
293 2718 524 2778 Wettschriften
554 2721 686 2781 gekrönt
704 2721 738 2781 zu
773 2727 895 2787 werden
930 2724 1074 2784 verdient
1098 2721 1166 2781 hat,

163 2770 239 2830 wird
269 2768 298 2828 zu
328 2769 593 2829 Rechtfertigung
617 2772 705 2832 dieser
723 2774 877 2834 Strenge
895 2779 935 2839 ein
960 2775 1083 2835 Auszug
1113 2769 1159 2829 der

160 2823 383 2883 eingesandten
407 2822 666 2882 Abhandlungen
690 2823 742 2883 von
767 2823 813 2883 der
825 2829 1031 2889 Gesellschaft
1049 2824 1072 2884 in
1096 2820 1143 2880 dem

159 2876 250 2936 ersten
277 2873 374 2933 Theil
388 2870 472 2930 ihrer
492 2873 648 2933 Versuche
669 2873 805 2933 bekannt
819 2881 975 2941 gemacht,
989 2877 1034 2937 der
1054 2871 1158 2931 Prei=

575 1240 684 1300 13tes
736 1240 897 1300 Stück.
975 1246 1195 1306 Freytag,
1230 1247 1297 1307 den
1350 1247 1434 1307 16.
1461 1246 1605 1306 März.
1640 1250 1783 1310 1764.

1192 1342 1347 1402 hingegen
1375 1342 1430 1402 von
1464 1343 1496 1403 20
1530 1342 1674 1402 Ducaten
1702 1342 1751 1402 dem
1797 1342 1957 1402 Verfaßer
1985 1345 2034 1405 der
2057 1348 2212 1408 Unterre¬

1189 1387 1312 1447 dungen
1338 1390 1389 1450 des
1411 1387 1581 1447 Phocions
1602 1387 1772 1447 angeboten
1799 1390 1942 1450 werden,
1953 1392 2036 1452 wenn
2067 1396 2206 1456 derselbe

1195 1434 1294 1494 seinen
1328 1437 1461 1497 Namen
1500 1434 1639 1494 angeben
1678 1435 1760 1495 will.
1812 1437 1883 1497 Die
1917 1440 2127 1500 Gesellschaft
2150 1444 2205 1504 hat

1192 1485 1353 1545 wiederum
1408 1486 1477 1546 eine
1521 1488 1639 1548 gleiche
1683 1487 1839 1547 Summe
1883 1488 2087 1548 ausgesetzt,
2137 1494 2195 1554 und

1192 1537 1340 1597 überläßt
1364 1538 1392 1598 es
1427 1537 1477 1597 der
1507 1539 1672 1599 Willkühr
1702 1539 1787 1599 eines
1816 1536 1925 1596 jeden,
1942 1539 2016 1599 über
2045 1538 2205 1598 diejenige

1201 1590 1461 1650 Preismaterien
1490 1593 1517 1653 zu
1546 1591 1721 1651 schreiben,
1739 1590 1784 1650 die
1801 1587 1846 1647 ihm
1881 1588 1925 1648 die
1949 1590 2123 1650 wichtigste
2141 1590 2197 1650 und

1199 1644 1430 1704 angenehmste
1448 1643 1476 1703 zu
1506 1643 1564 1703 seyn
1593 1643 1726 1703 scheint.
1738 1637 1807 1697 Sie
1830 1640 2021 1700 wiederholt
2045 1640 2137 1700 daher
2161 1642 2207 1702 die

1199 1696 1210 1756 3
1235 1694 1322 1754 ersten
1352 1696 1470 1756 Fragen
1495 1694 1541 1754 des
1565 1694 1689 1754 vorigen
1719 1691 1873 1751 Jahres,
1909 1691 1973 1751 und
1997 1694 2103 1754 hängt
2122 1691 2215 1751 selbi=

1198 1743 1247 1803 gen
1275 1745 1341 1805 noch
1364 1745 1507 1805 folgende
1524 1745 1579 1805 an,
1590 1745 1639 1805 die
1657 1745 1739 1805 einen
1762 1742 1971 1802 allgemeinen
1994 1744 2197 1804 Gegenstand

1200 1793 1337 1853 haben:

1244 1845 1287 1905 4)
1301 1838 1375 1898 Wie
1389 1837 1508 1897 können
1528 1840 1572 1900 die
1592 1838 1805 1898 Wahrheiten
1831 1839 1874 1899 der
1895 1837 2115 1897 Philosophie
2135 1840 2190 1900 zum

1197 1888 1315 1948 Besten
1336 1883 1381 1943 des
1408 1887 1520 1947 Volkes
1542 1888 1753 1948 allgemeiner
1774 1888 1830 1948 und
1856 1888 2026 1948 nützlicher
2047 1888 2201 1948 werden?

1196 1946 1239 2006 5)
1251 1935 1322 1995 Wie
1340 1933 1411 1993 kann
1440 1933 1483 1993 der
1506 1935 1595 1995 Eifer
1612 1936 1661 1996 für
1684 1939 1733 1999 das
1756 1936 1901 1996 gemeine
1918 1936 2028 1996 Beste,
2051 1936 2100 1996 den
2129 1938 2200 1998 man

1197 1989 1223 2049 zu
1245 1983 1292 2043 den
1319 1978 1409 2038 ersten
1431 1978 1532 2038 Zeiten
1565 1981 1622 2041 fast
1639 1982 1659 2042 in
1681 1984 1766 2044 jeder
1783 1984 1958 2044 Republick
1974 1984 2208 2044 wahrnimmt.

1197 2030 1397 2090 unterhalten
1429 2023 1500 2083 oder
1516 2024 1629 2084 wieder
1650 2026 1845 2086 aufgeweckt
1867 2028 2020 2088 werden?
2057 2027 2098 2087 6)
2114 2027 2206 2087 Wel¬

1196 2082 1260 2142 ches
1285 2077 1372 2137 wäre
1391 2073 1449 2133 das
1473 2068 1549 2128 beste
1573 2070 1750 2130 Verhalten
1781 2073 1968 2133 christlicher
1993 2071 2122 2131 Fürsten
2152 2073 2204 2133 ge¬

1199 2130 1248 2190 gen
1274 2127 1324 2187 die
1343 2124 1368 2184 in
1394 2119 1474 2179 ihrem
1513 2118 1619 2178 Lande
1638 2118 1833 2178 angeseßene
1859 2118 2009 2178 Juden?
2060 2124 2103 2184 7)
2129 2124 2197 2184 Die

1199 2175 1404 2235 Gesellschaft
1423 2169 1573 2229 verlangt
1586 2172 1671 2232 einen
1696 2170 1877 2230 Unterricht
1896 2172 1919 2232 in
1950 2173 1992 2233 der
2017 2174 2210 2234 Sittenleh=

1194 2228 1224 2288 re
1249 2224 1298 2284 für
1329 2219 1452 2279 Kinder
1477 2219 1538 2279 von
1569 2223 1642 2283 zehn
1680 2223 1710 2283 zu
1742 2223 1888 2283 funfzehn
1920 2223 2073 2283 Jahren.
2123 2226 2196 2286 Die

1196 2268 1440 2328 Preisschriften
1475 2270 1589 2330 müßen
1630 2273 1737 2333 franco
1772 2273 1868 2333 unter
1892 2275 1943 2335 der
1972 2273 2120 2333 Addreße
2154 2276 2205 2336 der

1195 2318 1472 2378 typographischen
1502 2326 1714 2386 Gesellschaft
1733 2327 1761 2387 zu
1786 2327 1874 2387 Bern
1892 2327 2086 2387 einlangen.
2116 2327 2198 2387 Auch

1199 2369 1273 2429 wird
1308 2366 1360 2426 der
1384 2369 1545 2429 Verfasser
1581 2375 1632 2435 der
1656 2376 1875 2436 Preisschrift
1905 2375 1968 2435 mit
1991 2375 2042 2435 dem
2084 2378 2210 2438 Denck¬

1196 2419 1321 2479 spruche
1341 2417 1491 2477 Prodesse
1510 2426 1642 2486 ersucht,
1661 2427 1708 2487 sich
1739 2426 1829 2486 durch
1848 2425 1914 2485 eben
1945 2424 2041 2484 diesen
2072 2423 2150 2483 Weg
2175 2428 2198 2488 zu

1190 2467 1345 2527 eröfnen.
1394 2469 1442 2529 Jm
1485 2473 1550 2533 263
1575 2476 1635 2536 und
1659 2476 1791 2536 264sten
1816 2473 1912 2533 Brief
1937 2473 2111 2533 beurtheilt
2129 2473 2189 2533 man

1193 2518 1244 2578 des
1268 2518 1371 2578 Herrn
1407 2524 1522 2584 Klotz
1546 2527 1695 2587 Ridicula
1719 2522 1881 2582 literaria,
1904 2521 1967 2581 und
1991 2521 2141 2581 übersetzt
2165 2521 2204 2581 et=

1193 2569 1261 2629 was
1291 2571 1436 2631 daraus.
1488 2576 1569 2636 Der
1599 2575 1679 2635 letzte
1709 2575 1824 2635 365ste
1854 2571 1958 2631 Brief
1982 2572 2121 2632 kündigt
2144 2572 2196 2632 des

1198 2620 1304 2680 Herrn
1340 2626 1691 2686 Winckelmanns
1731 2623 1992 2683 Sendschreiben
2038 2621 2117 2681 über
2157 2620 2202 2680 die

1198 2670 1446 2730 Hereulanische
1468 2676 1711 2736 Entdeckungen
1738 2671 1792 2731 an.
1825 2670 1900 2730 Mit
1916 2670 1997 2730 einem
2036 2668 2208 2728 merkwür¬

1201 2718 1287 2778 digen
1317 2723 1537 2783 Cabinetstück
1567 2727 1659 2787 dieses
1688 2721 1886 2781 gelehrtesten
1921 2718 2089 2778 Virtuosen
2124 2716 2210 2776 unse=

1196 2769 1249 2829 rer
1273 2769 1343 2829 Zeit
1367 2774 1502 2834 endiget
1521 2775 1567 2835 sich
1597 2775 1644 2835 der
1674 2772 1791 2832 Theil.
1845 2766 1962 2826 Kostet
1987 2769 2010 2829 in
2040 2766 2086 2826 der
2111 2766 2204 2826 Kan¬

1200 2820 1333 2880 terschen
1367 2826 1634 2886 Buchhandlung
1655 2822 1769 2882 allhier
1796 2820 1849 2880 wie
1870 2820 1936 2880 auch
1963 2819 1983 2879 in
2011 2814 2117 2874 Elbing
2144 2814 2204 2874 und

1204 2870 1321 2930 Mitau
1357 2870 1368 2930 1
1386 2871 1421 2931 fl.
1440 2873 1474 2933 24
1499 2873 1550 2933 gr.

1365 2912 1403 2972 S.
1430 2914 1469 2974 das
1496 2915 1534 2975 9re
1554 2912 1645 2972 Stück
1660 2910 1763 2970 unserer
1784 2906 1939 2966 Zeitungen.

2091 2915 2196 2975 Leben
