2479 3508
411 351 612 411 Berlin,
644 348 694 408 den
739 345 782 405 3.
809 348 927 408 Merz.

208 398 289 458 Se.
308 405 409 465 Maj.
428 402 478 462 der
503 398 616 458 König
642 395 742 455 haben
768 395 824 455 den
850 401 1182 461 Obrist=Lieutenant

156 449 210 509 von
248 453 297 513 der
319 452 499 512 Cavalerie
527 446 587 506 und
625 449 881 509 Commandeur
920 450 968 510 der
997 452 1110 512 Garde
1138 452 1170 512 du

155 497 285 557 Corps,
309 498 492 558 Freyherrn
527 494 583 554 von
613 500 847 560 Blumenthal
859 503 910 563 zum
951 500 1184 560 Oberhofmei¬

151 552 216 612 ster
240 550 293 610 bey
323 545 394 605 Sr.
413 545 560 605 Königl.
579 543 709 603 Hoheit
728 552 893 612 Friedrich
911 554 1066 614 Heinrich
1090 553 1184 613 Carl,

155 598 206 658 dem
264 597 404 657 Bruder
442 594 499 654 des
536 595 686 655 Prinzen
734 599 791 659 von
828 604 984 664 Preußen
1021 601 1187 661 ernannt.

153 644 303 704 Vorigen
335 646 558 706 Donnerstag
590 649 636 709 las
657 649 683 709 in
715 651 766 711 der
787 652 1005 712 ordentlichen
1032 652 1171 712 Sitzung

154 692 209 752 der
232 694 375 754 Königl.
393 697 586 757 Akademie,
609 700 697 760 Herr
720 700 830 760 Prof.
853 703 969 763 Küster
992 703 1019 763 in
1047 700 1180 760 lateini¬

159 742 239 802 scher
267 744 417 804 Sprache
444 748 525 808 einen
558 751 697 811 Bericht
719 751 773 811 von
806 751 891 811 einer
914 751 1064 811 Nachlese
1081 749 1177 809 histo¬

151 789 267 849 rischer
291 796 535 856 Denkschriften
565 800 640 860 vor,
669 800 721 860 die
739 801 791 861 als
821 802 890 862 eine
914 804 1047 864 Zugabe
1071 801 1175 861 seiner

154 845 505 905 Brandenburgschen
534 849 731 909 Bibliothek
760 849 958 909 anzusehen.

251 899 511 959 Frankfurt
535 900 581 960 am
629 900 789 960 Mayn,
819 900 872 960 den
908 903 972 963 23.
1003 903 1102 963 Febr.

205 944 391 1004 Dienstags
422 949 573 1009 verfügte
598 951 646 1011 sich
677 951 724 1011 die
749 948 948 1008 vortrefliche
973 951 1184 1011 Churmain¬

141 990 242 1050 zische
261 1000 559 1060 Wahlbothschaft
578 1000 601 1060 in
631 998 781 1058 Corpore
805 998 835 1058 zu
865 1001 918 1061 der
949 1000 1056 1060 hohen
1086 1001 1181 1061 Kay¬

154 1043 232 1103 serl.
256 1049 465 1109 Commißion
494 1051 532 1111 um
573 1049 629 1109 von
664 1049 714 1109 dem
754 1049 924 1109 Aufschluß
953 1049 1004 1109 der
1027 1052 1184 1112 vorläufi¬

159 1097 212 1157 gen
234 1099 359 1159 Frage:
386 1100 467 1160 Ob?
500 1100 586 1160 nicht
603 1100 689 1160 allein
716 1102 759 1162 die
782 1100 982 1160 geziemende
1004 1100 1171 1160 Eröfnung

146 1148 177 1208 zu
204 1148 306 1208 thun,
333 1151 466 1211 sondern
499 1151 568 1211 auch
601 1149 654 1209 das
681 1151 1179 1211 Collegial=Beantwortungs¬

159 1197 342 1257 Schreiben
371 1198 430 1258 auf
452 1198 495 1258 die
528 1198 674 1258 neuliche
707 1198 870 1258 Kayserl.
892 1201 1109 1261 Proposition
1137 1201 1168 1261 an

162 1241 249 1301 Ihro
283 1246 444 1306 Kayserl.
467 1246 615 1306 Majest.
644 1249 671 1309 im
716 1249 854 1309 Namen
888 1250 943 1310 des
977 1252 1170 1312 gesammten

153 1293 254 1353 hohen
281 1294 424 1354 Collegii
451 1294 482 1354 zu
510 1295 738 1355 überreichen,
771 1297 834 1357 mit
856 1297 988 1357 welchem
1037 1297 1089 1357 der
1111 1300 1180 1360 Ne¬

152 1337 206 1397 veu
236 1342 290 1402 des
315 1340 424 1400 Herrn
454 1339 607 1399 Fürstens
637 1342 696 1402 von
726 1339 948 1399 Lichtenstein,
973 1342 1087 1402 Prinz
1112 1342 1180 1402 Jo¬

149 1387 306 1447 hannes,
336 1384 494 1444 Kayserl.
524 1386 672 1446 Königl.
697 1384 850 1444 Obrister
880 1384 934 1444 des
969 1384 1171 1444 Regiments

145 1431 312 1491 Cüraßier
339 1431 396 1491 von
428 1428 558 1488 Buccow
601 1431 668 1491 noch
700 1428 862 1488 denselben
900 1428 967 1488 Tag
989 1429 1057 1489 nach
1078 1429 1166 1489 Wien

154 1479 327 1539 abreisete.
376 1479 598 1539 Diesemnach
630 1479 740 1539 wurde
762 1479 820 1539 von
852 1481 968 1541 Seiten
1001 1482 1053 1542 der
1075 1479 1180 1539 Chur¬

147 1532 355 1592 mainzischen
386 1530 588 1590 votreflichen
612 1531 904 1591 Wahlbothschaft
928 1533 975 1593 dem
1024 1536 1160 1596 hiesigen

150 1583 233 1643 Rath
270 1584 359 1644 durch
383 1584 454 1644 eine
479 1584 568 1644 Nota
599 1584 807 1644 angezeiget,
832 1589 891 1649 daß
922 1587 969 1647 die
993 1590 1178 1650 Wahlcon¬

154 1634 296 1694 ferenzen
325 1636 381 1696 auf
404 1636 455 1696 den
490 1637 563 1697 3ten
592 1637 694 1697 Merz
718 1637 802 1697 salva
832 1640 1070 1700 anticipatione
1094 1640 1178 1700 eröf¬

154 1688 207 1748 net
230 1691 354 1751 werden
387 1691 501 1751 sollen.
572 1688 653 1748 Bey
686 1691 712 1751 so
740 1691 908 1751 wichtigen
936 1694 1179 1754 Staatshand¬

157 1742 271 1802 lungen
302 1742 382 1802 fehlt
400 1742 428 1802 es
458 1742 654 1802 gleichwohl
672 1742 753 1802 nicht
776 1742 810 1802 am
846 1742 1071 1802 abwechselden
1101 1742 1181 1802 Ver¬

153 1793 306 1853 gnügen.
359 1790 433 1850 Dem
471 1790 570 1850 letzten
598 1791 777 1851 prächtigen
799 1792 888 1852 Bal,
911 1792 1010 1852 worin
1037 1793 1085 1853 der
1101 1795 1180 1855 fein¬

160 1838 201 1898 ste
219 1842 407 1902 Geschmack
431 1840 601 1900 herrschte,
625 1839 707 1899 folgt
731 1840 896 1900 künftigen
932 1840 1084 1900 Montag
1120 1843 1172 1903 der

147 1894 288 1954 zweyte.
334 1891 517 1951 Zweymal
535 1888 579 1948 die
597 1885 711 1945 Woche
735 1888 774 1948 ist
797 1888 819 1948 in
848 1885 899 1945 dem
946 1891 1076 1951 Fürstl.
1094 1894 1179 1954 Lich¬

156 1945 372 2005 tensteinschen
404 1936 566 1996 Quartier
591 1933 821 1993 Gesellschaft,
834 1936 893 1996 und
925 1936 973 1996 der
997 1942 1093 2002 Fürst
1112 1942 1166 2002 von

155 1993 334 2053 Esterhazy
359 1986 437 2046 wird
468 1984 539 2044 auch
564 1981 624 2041 mit
648 1981 840 2041 dergleichen
871 1987 1099 2047 Lustbarkeiten
1124 1990 1154 2050 eh

151 2042 239 2102 stens
263 2039 316 2099 den
346 2031 476 2091 Anfang
512 2031 659 2091 machen.
731 2030 813 2090 Den
849 2034 943 2094 20ten
979 2036 1091 2096 langte
1121 2040 1173 2100 der

161 2086 400 2146 Churtriersche
431 2079 509 2139 erste
534 2082 889 2142 Wahlbothschafter,
920 2085 1082 2145 Freyherr
1107 2086 1166 2146 von

155 2136 381 2196 Breidenbach
410 2133 437 2193 zu
461 2136 709 2196 Bürresheim,
733 2136 964 2196 Domprobsts
993 2136 1044 2196 des
1061 2136 1163 2196 hohen

158 2187 308 2247 Erzstifts
339 2186 436 2246 Trier
455 2187 520 2247 und
545 2190 727 2250 Domherr
740 2190 769 2250 zu
794 2190 908 2250 Lüttich
928 2190 969 2250 rc.
994 2190 1024 2250 zu
1049 2190 1169 2250 Wasser

145 2240 209 2300 mit
236 2240 321 2300 einem
364 2239 475 2299 großen
508 2237 673 2297 Gefolge,
684 2241 742 2301 und
769 2240 955 2300 vorgestern
982 2240 1035 2300 der
1052 2240 1168 2300 zweyte

157 2294 398 2354 Churtriersche
416 2289 758 2349 Wahlbothschafter,
782 2291 940 2351 Freyherr
970 2288 1023 2348 von
1053 2288 1176 2348 Kessel¬

158 2348 256 2408 stadt,
281 2339 565 2399 Landhofmeister
584 2342 634 2402 des
653 2342 807 2402 Erzstifts
826 2344 918 2404 Trier
938 2339 980 2399 rc.
993 2339 1104 2399 allhier
1123 2338 1178 2398 an.

415 2393 584 2453 Paris,
608 2393 669 2453 vom
718 2393 783 2453 17.
809 2393 911 2453 Febr.

199 2446 281 2506 Der
317 2443 428 2503 König
464 2443 529 2503 hat
559 2440 671 2500 50000
718 2443 830 2503 Livres
867 2443 901 2503 am
955 2436 1072 2496 ersten,
1102 2435 1160 2495 und

147 2495 284 2555 130000
321 2497 350 2557 am
393 2494 518 2554 zweiten
548 2492 769 2552 Zwanzigsten
794 2494 841 2554 der
860 2492 1009 2552 Provinz
1027 2484 1170 2544 Langue=

155 2545 210 2605 dok
234 2546 386 2606 erlassen.
438 2545 511 2605 Die
534 2542 647 2602 Sache
676 2542 732 2602 des
767 2545 981 2605 Parlements
1016 2539 1044 2599 zu
1078 2536 1168 2596 Gre¬

148 2596 245 2656 noble
270 2593 306 2653 ist
325 2595 392 2655 nach
423 2596 557 2656 Wunsch
589 2593 778 2653 beygelegt.
821 2596 919 2656 Herr
932 2595 992 2655 von
1017 2586 1176 2646 Berulle,

156 2646 246 2706 erster
275 2643 456 2703 Präsident
474 2645 513 2705 ist
542 2643 695 2703 vermöge
724 2643 825 2703 dieses
866 2643 1058 2703 Characters
1092 2638 1143 2698 zum

159 2694 440 2754 Commendanten
473 2694 528 2754 der
551 2691 705 2751 Provinz
728 2694 849 2754 erklärt
861 2694 1009 2754 worden,
1037 2689 1091 2749 und
1114 2685 1169 2745 alle

157 2751 240 2811 seine
266 2742 470 2802 Nachfolger
490 2742 617 2802 werden
643 2742 725 2802 diese
745 2746 872 2806 Würde
899 2747 1032 2807 zugleich
1058 2740 1083 2800 in
1116 2738 1166 2798 der

154 2799 272 2859 Stelle
296 2796 346 2856 des
369 2793 464 2853 ersten
505 2793 719 2853 Präsidenten
753 2796 923 2856 erhalten.
974 2796 1041 2856 Die
1064 2788 1177 2848 Abga=
1212 2790 1364 2850 werden,
1392 2794 1426 2854 um
1472 2796 1516 2856 die
1540 2796 1788 2856 Gerechtigkeit
1805 2796 1867 2856 mit
1891 2793 1958 2853 eben
1992 2793 2042 2853 der
2071 2790 2223 2850 Strenge

158 2853 207 2913 ben
238 2849 299 2909 sind
324 2847 354 2907 um
398 2844 540 2904 300000
584 2844 688 2904 Livres
720 2849 991 2909 heruntergesetzt
1022 2841 1176 2901 worden,

158 2903 220 2963 und
246 2903 315 2963 man
341 2897 396 2957 hat
422 2894 560 2954 120000
585 2897 635 2957 den
667 2897 886 2957 Mitgliedern
925 2899 1024 2959 dieses
1050 2891 1175 2951 Parle=

147 2957 254 3017 ments
282 2956 316 3016 zu
344 2953 431 3013 ihrer
458 2951 777 3011 Schadloshaltung
811 2954 1042 3014 zugestanden.
1090 2948 1177 3008 Carl

1216 354 1397 414 Alexander
1417 354 1441 414 le
1461 351 1573 411 Fileul
1592 351 1623 411 de
1642 351 1667 411 la
1699 354 1874 414 Chapelle,
1900 351 2043 411 Bischof
2069 351 2125 411 von
2157 350 2231 410 Va¬

1219 401 1288 461 bres
1316 402 1359 462 rc.
1387 401 1467 461 starb
1495 401 1543 461 den
1571 401 1640 461 8ten
1673 404 1771 464 dieses
1799 404 1825 464 zu
1864 404 1884 464 la
1923 404 2079 464 Chapelle
2113 403 2139 463 in
2172 401 2225 461 der

1212 452 1444 512 Normandie,
1468 454 1513 514 88
1542 449 1712 509 Jahralt.
1775 452 1849 512 Die
1873 455 1980 515 Pairs
2015 455 2117 515 haben
2152 452 2225 512 noch

1214 503 1296 563 zwey
1325 500 1625 560 Versammlungen
1654 500 1732 560 über
1755 500 1804 560 die
1827 502 1938 562 Sache
1955 503 2005 563 des
2027 503 2227 563 Erzbischofs

1214 552 1274 612 von
1303 554 1407 614 Paris
1436 552 1601 612 gehalten.
1652 548 1746 608 Man
1774 551 1895 611 besteht
1918 554 1973 614 auf
1996 557 2084 617 einen
2106 554 2233 614 persön¬

1210 601 1305 661 lichen
1333 601 1481 661 Verhaft
1503 600 1561 660 und
1594 598 1667 658 kann
1700 599 1769 659 noch
1796 601 1880 661 nicht
1897 604 2056 664 absehen,
2083 603 2141 663 wie
2158 604 2237 664 weit

1211 650 1281 710 man
1314 652 1374 712 das
1402 650 1603 710 gerichtliche
1626 648 1811 708 Verfahren
1844 649 1936 709 gegen
1970 652 2073 712 diesen
2107 652 2237 712 Präla¬

1205 700 1256 760 ten
1283 700 1401 760 treiben
1433 700 1531 760 wird,
1558 700 1609 760 der
1630 700 1692 760 mit
1713 697 1765 757 der
1786 697 1905 757 grösten
1932 700 2237 760 Standhaftigkeit

1216 751 1276 811 auf
1294 751 1371 811 alles
1399 751 1515 811 scheint
1538 750 1648 810 gefaßt
1671 748 1698 808 zu
1733 748 1826 808 seyn.
1877 746 1948 806 Aus
1976 748 2148 808 Lüneville
2176 753 2237 813 hat

1214 801 1283 861 man
1322 801 1467 861 betrübte
1501 801 1711 861 Nachrichten
1756 798 1809 858 von
1848 795 1901 855 der
1934 798 2231 858 Schwächlichkeit

1217 849 1273 909 des
1302 849 1432 909 Königs
1461 852 1516 912 von
1546 849 1698 909 Pohlen,
1722 849 1873 909 Herzogs
1897 849 1931 909 zu
1954 847 2146 907 Lothringen
2169 849 2225 909 und

1214 899 1314 959 Bar.
1362 903 1450 963 Man
1486 903 1539 963 hat
1563 900 1675 960 gestern
1705 898 1787 958 schon
1812 900 1835 960 in
1866 900 1912 960 den
1936 903 2054 963 grösten
2079 903 2225 963 Häusern

1219 951 1317 1011 seinen
1347 951 1416 1011 Tod
1440 951 1492 1011 für
1516 951 1702 1011 zuverläßig
1731 951 1958 1011 ausgegeben.

1452 1001 1668 1061 London,
1708 998 1764 1058 den
1798 1001 1864 1061 17.
1892 1001 1991 1061 Febr.

1247 1044 1315 1104 Die
1341 1052 1591 1112 Versammlung
1629 1049 1678 1109 der
1710 1049 1892 1109 Gemeinen
1924 1052 1954 1112 am
2005 1055 2098 1115 14ten
2130 1053 2211 1113 diese

1214 1098 1346 1158 daurete
1369 1102 1412 1162 bis
1435 1104 1485 1164 zum
1530 1103 1618 1163 15ten
1646 1100 1690 1160 des
1719 1100 1885 1160 Morgens
1907 1105 1940 1165 um
1980 1103 1990 1163 8
2013 1103 2096 1163 Uhr,
2113 1103 2168 1163 und
2191 1102 2229 1162 die

1211 1151 1321 1211 Klage
1344 1153 1438 1213 gegen
1461 1154 1504 1214 die
1522 1153 1643 1213 Herren
1672 1148 1793 1208 Wood,
1821 1154 1926 1214 Webb
1943 1154 2004 1214 und
2026 1154 2071 1214 die
2093 1153 2214 1213 Staats

1216 1203 1329 1263 boten,
1347 1204 1465 1264 welche
1483 1202 1533 1262 sich
1568 1203 1624 1263 der
1653 1200 1777 1260 Person
1818 1201 1874 1261 und
1914 1201 1964 1261 der
1993 1201 2146 1261 Papiere
2175 1203 2225 1263 des

1215 1252 1326 1312 Herrn
1358 1252 1484 1312 Wilkes
1511 1252 1727 1312 bemächtigt,
1754 1249 1864 1309 wurde
1896 1252 1949 1312 für
1976 1252 2223 1312 unrechtmäßig

1217 1297 1354 1357 erklärt.
1403 1297 1476 1357 Die
1502 1297 1741 1357 Entscheidung
1771 1297 1869 1357 seines
1899 1294 2065 1354 Processes
2100 1295 2158 1355 vor
2178 1297 2226 1357 der

1213 1339 1320 1399 Bank
1344 1341 1390 1401 des
1423 1341 1553 1401 Königs
1582 1339 1684 1399 wegen
1717 1340 1768 1400 der
1792 1339 1885 1399 ersten
1908 1342 2201 1402 Bekanntmachun

1213 1381 1265 1441 der
1287 1384 1329 1444 45
1367 1384 1536 1444 Nummer
1569 1384 1621 1444 des
1654 1387 1854 1447 Nordischen
1892 1390 2030 1450 Britten
2057 1395 2093 1455 ist
2121 1396 2237 1456 aufge¬

1210 1431 1333 1491 schoben
1365 1434 1515 1494 worden,
1542 1434 1624 1494 ohne
1651 1434 1702 1494 daß
1729 1437 1801 1497 man
1833 1437 1910 1497 weiß
1942 1440 2050 1500 warum
2087 1443 2154 1503 noch
2181 1445 2232 1505 auf

1211 1482 1273 1542 wie
1291 1482 1398 1542 lange.
1450 1482 1528 1542 Der
1547 1483 1637 1543 Graf
1649 1485 1704 1545 von
1734 1486 1921 1546 Cardigan,
1944 1491 2227 1551 Schwiegersohn

1205 1537 1269 1597 und
1296 1536 1381 1596 Erbe
1408 1536 1461 1596 des
1489 1536 1713 1596 verstorbenen
1745 1536 1894 1596 Herzogs
1932 1536 1991 1596 von
2034 1542 2226 1602 Montagu¬

1210 1590 1268 1650 hat
1286 1590 1332 1650 dem
1373 1590 1495 1650 Könige
1513 1590 1583 1650 eine
1601 1589 1741 1649 Schrift
1759 1590 1962 1650 übergeben,
1986 1590 2091 1650 worin
2121 1590 2149 1650 er
2167 1591 2224 1651 sein

1218 1645 1403 1705 Eigenthum
1446 1646 1475 1706 zu
1506 1643 1553 1703 der
1578 1643 1680 1703 Insel
1704 1643 1770 1703 St.
1789 1643 1950 1703 Vincent,
1981 1643 2070 1703 nebst
2095 1643 2221 1703 einigen

1217 1697 1423 1757 Ansprüchen
1453 1697 1512 1757 auf
1530 1695 1583 1755 die
1601 1695 1706 1755 Insel
1725 1696 1790 1756 St.
1802 1697 1907 1757 Lucie,
1938 1697 2050 1757 welche
2068 1697 2091 1757 im
2127 1697 2226 1757 letzten

1218 1748 1506 1808 Friedenstractat
1527 1748 1557 1808 an
1589 1745 1773 1805 Frankreich
1805 1747 1985 1807 abgetreten
2016 1748 2165 1808 worden,
2186 1747 2237 1807 be¬

1216 1796 1368 1856 hauptet.
1419 1799 1492 1859 Der
1521 1796 1611 1856 Graf
1634 1796 1690 1856 von
1719 1796 1871 1856 Egmont
1894 1799 1973 1859 sucht
1991 1799 2154 1859 gleichfals
2171 1798 2222 1858 den

1218 1843 1321 1903 Besitz
1338 1844 1387 1904 der
1409 1846 1479 1906 St.
1490 1846 1795 1906 Johannis=Insel
1818 1846 1866 1906 bey
1894 1846 1997 1906 Terra
2030 1846 2133 1906 nova.
2156 1843 2231 1903 Der

1208 1891 1370 1951 gewesene
1398 1895 1604 1955 französische
1633 1895 1812 1955 Minister,
1835 1896 1926 1956 Herr
1954 1895 2024 1955 Eon
2064 1895 2095 1955 de
2118 1895 2237 1955 Beau¬

1210 1945 1308 2005 mont
1324 1939 1390 1999 traf
1412 1941 1463 2001 den
1494 1945 1587 2005 13ten
1618 1945 1711 2005 dieses
1737 1945 1793 2005 den
1820 1946 1928 2006 Herrn
1959 1945 2015 2005 von
2042 1945 2155 2005 Vergy
2171 1945 2232 2005 mit

1211 1994 1264 2054 dem
1303 1989 1329 2049 er
1352 1987 1400 2047 sich
1434 1987 1487 2047 vor
1509 1992 1634 2052 einiger
1662 1995 1732 2055 Zeit
1759 1993 1998 2053 überworfen,
2025 1997 2058 2057 zu
2086 1995 2231 2055 Douvre

1212 2043 1273 2103 an,
1297 2035 1444 2095 nöthigte
1473 2034 1524 2094 ihn
1553 2037 1604 2097 sich
1633 2040 1661 2100 zu
1690 2040 1855 2100 schlagen,
1878 2041 1940 2101 und
1964 2043 2003 2103 ist
2026 2043 2060 2103 am
2107 2043 2225 2103 rechten

1211 2091 1280 2151 Arm
1324 2082 1513 2142 verwundet
1535 2082 1686 2142 worden.
1746 2085 1848 2145 Einem
1892 2085 2015 2145 Briefe
2038 2088 2096 2148 aus
2119 2089 2232 2149 Ostin¬

1213 2142 1280 2202 dien
1312 2137 1342 2197 zu
1367 2131 1465 2191 Folge
1484 2130 1582 2190 haben
1619 2130 1662 2190 die
1693 2130 1890 2190 Officianten
1927 2133 1982 2193 der
2014 2136 2228 2196 Gesellschaft

1213 2195 1243 2255 zu
1274 2185 1384 2245 Patna
1410 2181 1502 2241 gegen
1533 2183 1674 2243 300000
1705 2184 1773 2244 Pf.
1792 2184 1908 2244 Sterl.
1927 2185 2069 2245 verloren
2100 2188 2155 2248 und
2174 2189 2222 2249 des

1211 2232 1460 2292 Gouverneurs
1505 2234 1571 2294 von
1622 2236 1781 2296 Bengala
1821 2240 1959 2300 Verlust
2004 2240 2087 2300 wird
2126 2242 2220 2302 allein

1213 2283 1345 2343 100000
1378 2280 1446 2340 Pf.
1466 2288 1629 2348 geschätzt,
1655 2290 1737 2350 weil
1756 2291 1781 2351 er
1807 2291 1850 2351 sich
1883 2293 1907 2353 in
1933 2291 2002 2351 Zeit
2022 2292 2078 2352 von
2104 2296 2116 2356 4
2142 2294 2229 2354 Jah=

1209 2338 1260 2398 ren
1296 2333 1335 2393 ein
1365 2334 1549 2394 Vermögen
1590 2342 1647 2402 von
1688 2345 1849 2405 1200000
1885 2345 1953 2405 Pf.
1977 2345 2144 2405 erworben
2179 2345 2230 2405 ha=

1206 2385 1259 2445 ben
1294 2384 1367 2444 soll.

1459 2443 1679 2503 Livorno,
1711 2446 1768 2506 den
1806 2446 1850 2506 4.
1876 2443 1976 2503 Febr.

1251 2485 1307 2545 In
1333 2482 1382 2542 der
1415 2489 1521 2549 letzten
1554 2494 1767 2554 allgemeinen
1806 2494 2090 2554 Versammlung,
2116 2491 2228 2551 welche

1207 2536 1260 2596 der
1284 2536 1437 2596 General
1462 2544 1568 2604 Paoli
1593 2545 1735 2605 gehalten
1765 2545 1841 2605 hat,
1859 2545 1900 2605 ist
1919 2542 2007 2602 unter
2032 2543 2149 2603 andern
2180 2541 2232 2601 ab¬

1209 2588 1355 2648 gemacht
1378 2590 1530 2650 worden,
1547 2598 1614 2658 eine
1643 2596 1847 2656 Universität
1870 2593 1926 2653 auf
1949 2593 2005 2653 der
2034 2593 2140 2653 Insel
2158 2593 2230 2653 auf¬

1202 2641 1383 2701 zurichten,
1407 2643 1514 2703 damit
1538 2647 1583 2707 die
1612 2646 1748 2706 Jugend
1772 2644 1874 2704 dieses
1897 2642 2119 2702 Königreichs
2142 2643 2227 2703 nicht

1204 2688 1316 2748 nöthig
1351 2691 1442 2751 hätte
1477 2695 1539 2755 aus
1573 2697 1715 2757 fremden
1756 2694 1898 2754 Ländern
1938 2690 2011 2750 ihre
2041 2692 2216 2752 Einsichten

1204 2737 1281 2797 weit
1300 2743 1520 2803 herzuholen.
1574 2747 1657 2807 Auch
1687 2745 1746 2805 soll
1765 2745 1812 2805 ein
1848 2743 2044 2803 Hofgericht
2075 2742 2223 2802 angelegt

1202 2847 1234 2907 zu
1266 2847 1468 2907 verwalten,
1495 2847 1542 2907 als
1570 2845 1596 2905 in
1628 2847 1681 2907 den
1709 2846 1964 2906 manierlichsten
1996 2841 2166 2901 Staaten.

1507 2897 1662 2957 Lucca,
1685 2897 1740 2957 den
1774 2897 1812 2957 4.
1846 2895 1951 2955 Febr.

1253 2948 1345 3008 Man
1372 2951 1457 3011 sagt,
1484 2951 1536 3011 daß
1570 2951 1622 3011 der
1642 2948 1833 3008 Marschall
1854 2945 1906 3005 von
1940 2943 2044 3003 Botta
2065 2942 2117 3002 die
2137 2941 2229 3001 Prä=

2124 2993 2226 3053 siden.
