<?xml version="1.0" encoding="UTF-8" standalone="yes"?>
<PcGts xmlns="http://schema.primaresearch.org/PAGE/gts/pagecontent/2013-07-15" xmlns:xsi="http://www.w3.org/2001/XMLSchema-instance" xsi:schemaLocation="http://schema.primaresearch.org/PAGE/gts/pagecontent/2013-07-15 http://schema.primaresearch.org/PAGE/gts/pagecontent/2013-07-15/pagecontent.xsd">
    <Metadata>
        <Creator>prov=READ-COOP:name=TrHtr:version=2.12.0:model_id=51170:date=20_03_2024_22:31</Creator>
        <Created>2024-03-20T22:12:46.860+01:00</Created>
        <LastChange>2024-03-20T22:31:43.456+01:00</LastChange>
        <TranskribusMetadata docId="1889122" pageId="66899950" pageNr="3" tsid="152857895" status="IN_PROGRESS" userId="222699" imgUrl="https://files.transkribus.eu/Get?id=WRCULMRRHRZUIHPYNQHNMHVV&amp;fileType=view" xmlUrl="https://files.transkribus.eu/Get?id=VWQAMRDANXEEXTCRAHOUDXKX" imageId="53554738"/>
    </Metadata>
    <Page imageFilename="66899950.jpg" imageWidth="2479" imageHeight="3508">
        <ReadingOrder>
            <OrderedGroup id="ro_1710970303457" caption="Regions reading order">
                <RegionRefIndexed index="0" regionRef="r_10"/>
                <RegionRefIndexed index="1" regionRef="r_11"/>
            </OrderedGroup>
        </ReadingOrder>
        <Relations/>
        <TextRegion id="r_10" custom="readingOrder {index:0;}">
            <Coords points="150,288 1166,293 1166,2808 134,2790"/>
            <TextLine id="r_10_tl_1" custom="readingOrder {index:0;}">
                <Coords points="155,371 388,382 454,354 554,378 669,347 783,377 785,311 650,297 556,326 498,294 327,328 156,316"/>
                <Baseline points="161,358 203,361 247,361 292,361 337,358 382,358 426,358 471,355 516,352 561,352 606,349 650,346 695,349 740,346 785,349"/>
                <TextEquiv>
                    <Unicode>Die sangt am blühenden Klee.</Unicode>
                </TextEquiv>
            </TextLine>
            <TextLine id="r_10_tl_2" custom="readingOrder {index:1;}">
                <Coords points="176,423 373,433 402,418 453,430 484,412 707,404 710,363 665,347 551,377 463,353 344,388 288,369 248,387 178,371"/>
                <Baseline points="183,411 217,409 262,409 307,412 352,409 397,406 441,403 486,400 531,400 576,397 620,394 665,388 710,394"/>
                <TextEquiv>
                    <Unicode>Jch sinn am Ufer der Elbe</Unicode>
                </TextEquiv>
            </TextLine>
            <TextLine id="r_10_tl_3" custom="readingOrder {index:2;}">
                <Coords points="158,472 393,475 631,448 729,474 755,458 757,378 686,408 548,408 442,435 403,418 373,433 161,423"/>
                <Baseline points="167,459 176,459 220,459 265,456 310,456 355,456 400,453 444,450 489,450 534,447 579,444 623,444 668,444 713,447 758,450"/>
                <TextEquiv>
                    <Unicode>Auf mein zu niedriges Lied.</Unicode>
                </TextEquiv>
            </TextLine>
            <TextLine id="r_10_tl_4" custom="readingOrder {index:3;}">
                <Coords points="162,524 383,528 503,506 519,521 566,495 704,524 734,521 735,469 596,453 564,477 535,458 409,462 379,482 308,464 163,474"/>
                <Baseline points="170,507 200,501 244,504 289,507 334,504 379,498 423,501 468,498 513,495 558,495 603,492 647,495 692,495 737,495"/>
                <TextEquiv>
                    <Unicode>Ich rühre saphische sayten | |</Unicode>
                </TextEquiv>
            </TextLine>
            <TextLine id="r_10_tl_5" custom="readingOrder {index:4;}">
                <Coords points="163,569 264,580 311,559 393,574 437,555 488,575 525,545 551,561 583,550 606,569 662,564 664,518 556,501 520,520 503,506 467,524 347,518 259,536 207,516 165,523"/>
                <Baseline points="170,546 211,552 256,552 301,555 346,549 391,549 435,546 480,543 525,543 570,540 615,543 659,546 665,546"/>
                <TextEquiv>
                    <Unicode>Mit ungeregeltem Griff;</Unicode>
                </TextEquiv>
            </TextLine>
            <TextLine id="r_10_tl_6" custom="readingOrder {index:5;}">
                <Coords points="166,614 399,623 458,601 581,618 618,600 701,618 778,601 778,533 697,534 609,568 519,551 488,575 166,570"/>
                <Baseline points="173,600 200,600 244,600 289,600 334,600 379,597 423,597 468,594 513,594 558,594 603,594 647,594 692,597 737,597 782,597"/>
                <TextEquiv>
                    <Unicode>Mir fehlt zum Heldengesange,</Unicode>
                </TextEquiv>
            </TextLine>
            <TextLine id="r_10_tl_7" custom="readingOrder {index:6;}">
                <Coords points="166,666 766,651 818,679 916,679 916,601 850,588 717,623 618,600 580,619 166,614"/>
                <Baseline points="173,647 217,647 262,650 307,647 352,647 397,641 441,641 486,641 531,641 576,644 620,641 665,641 710,641 755,641 800,647 844,647 889,650 919,650"/>
                <TextEquiv>
                    <Unicode>Glück und ein männlicher Schwung.</Unicode>
                </TextEquiv>
            </TextLine>
            <TextLine id="r_10_tl_8" custom="readingOrder {index:7;}">
                <Coords points="157,706 773,710 798,696 798,661 745,671 666,650 635,670 445,649 413,667 157,671"/>
                <Baseline points="164,692 208,695 253,692 298,695 343,692 388,692 432,692 477,689 522,689 567,692 612,692 656,692 701,695 746,692 791,692 800,695"/>
                <TextEquiv>
                    <Unicode>Dir aber, welcher dem Flaccus</Unicode>
                </TextEquiv>
            </TextLine>
            <TextLine id="r_10_tl_9" custom="readingOrder {index:8;}">
                <Coords points="163,758 776,766 776,706 745,699 583,714 495,697 460,721 428,700 357,720 163,706"/>
                <Baseline points="170,743 197,743 241,746 286,743 331,743 376,740 420,743 465,737 510,740 555,743 600,743 644,740 689,743 734,743 779,740"/>
                <TextEquiv>
                    <Unicode>Nachfolgt, dir fordert Gesang,</Unicode>
                </TextEquiv>
            </TextLine>
            <TextLine id="r_10_tl_10" custom="readingOrder {index:9;}">
                <Coords points="163,802 508,800 571,820 600,800 860,826 858,737 821,726 753,765 712,752 646,773 574,751 447,773 297,748 250,770 163,760"/>
                <Baseline points="170,788 214,788 259,788 304,788 349,791 394,791 438,788 483,788 528,791 573,791 618,794 662,794 707,794 752,794 797,794 841,794 862,794"/>
                <TextEquiv>
                    <Unicode>Der Sieger, wann er geschmücket</Unicode>
                </TextEquiv>
            </TextLine>
            <TextLine id="r_10_tl_11" custom="readingOrder {index:10;}">
                <Coords points="160,848 344,865 385,851 408,867 566,845 710,866 710,815 630,816 600,798 575,825 428,796 364,816 158,805"/>
                <Baseline points="167,838 211,838 256,838 301,841 346,838 391,841 435,841 480,838 525,841 570,838 615,838 659,841 704,844 713,841"/>
                <TextEquiv>
                    <Unicode>Mit wolverdienetem Cranz</Unicode>
                </TextEquiv>
            </TextLine>
            <TextLine id="r_10_tl_12" custom="readingOrder {index:11;}">
                <Coords points="157,901 662,898 868,926 868,848 792,833 730,868 568,845 457,866 157,850"/>
                <Baseline points="164,892 208,889 253,889 298,889 343,892 388,889 432,889 477,889 522,889 567,889 612,889 656,889 701,892 746,892 791,889 835,892 871,892"/>
                <TextEquiv>
                    <Unicode>Fährt durch das Menschengedränge</Unicode>
                </TextEquiv>
            </TextLine>
            <TextLine id="r_10_tl_13" custom="readingOrder {index:12;}">
                <Coords points="151,949 366,966 438,947 584,967 682,946 755,962 755,918 689,904 593,923 564,901 420,897 276,919 151,894"/>
                <Baseline points="158,934 203,934 247,940 292,943 337,943 382,943 426,940 471,937 516,937 561,937 606,937 650,940 695,940 740,940 758,940"/>
                <TextEquiv>
                    <Unicode>Der großpallästischen Stadt</Unicode>
                </TextEquiv>
            </TextLine>
            <TextLine id="r_10_tl_14" custom="readingOrder {index:13;}">
                <Coords points="148,999 321,1018 414,996 490,1014 561,993 599,1014 727,996 727,949 631,949 573,974 498,967 480,948 379,949 361,966 148,949"/>
                <Baseline points="155,985 200,988 244,991 289,991 334,991 379,991 423,988 468,988 513,988 558,985 603,988 647,988 692,988 731,988"/>
                <TextEquiv>
                    <Unicode>Und an den Wagen geheftet.</Unicode>
                </TextEquiv>
            </TextLine>
            <TextLine id="r_10_tl_15" custom="readingOrder {index:14;}">
                <Coords points="158,1049 447,1065 627,1038 690,1064 751,1049 752,1010 650,996 604,1013 440,998 322,1019 160,999"/>
                <Baseline points="167,1038 211,1038 256,1041 301,1041 346,1041 391,1038 435,1038 480,1038 525,1038 570,1035 615,1038 659,1035 704,1038 749,1038 755,1038"/>
                <TextEquiv>
                    <Unicode>Führt den gebändigten Stolz | |</Unicode>
                </TextEquiv>
            </TextLine>
            <TextLine id="r_10_tl_16" custom="readingOrder {index:15;}">
                <Coords points="151,1095 342,1113 701,1098 843,1124 832,1040 460,1073 151,1053"/>
                <Baseline points="158,1086 203,1086 247,1086 292,1089 337,1089 382,1089 426,1089 471,1089 516,1086 561,1086 606,1086 650,1086 695,1089 740,1086 785,1089 829,1089 847,1089"/>
                <TextEquiv>
                    <Unicode>Des Feindes, welcher den König</Unicode>
                </TextEquiv>
            </TextLine>
            <TextLine id="r_10_tl_17" custom="readingOrder {index:16;}">
                <Coords points="148,1145 301,1164 515,1139 546,1159 620,1139 709,1154 709,1105 694,1099 148,1104"/>
                <Baseline points="155,1134 200,1134 244,1137 289,1137 334,1140 379,1137 423,1137 468,1137 513,1134 558,1134 603,1134 647,1134 692,1134 710,1134"/>
                <TextEquiv>
                    <Unicode>Uns lange Jahre hindurch | |</Unicode>
                </TextEquiv>
            </TextLine>
            <TextLine id="r_10_tl_18" custom="readingOrder {index:17;}">
                <Coords points="148,1184 227,1206 308,1188 384,1205 429,1183 490,1205 651,1185 841,1209 841,1151 816,1146 742,1159 620,1139 538,1169 448,1143 321,1170 148,1144"/>
                <Baseline points="155,1182 200,1185 244,1185 289,1185 334,1185 379,1185 423,1182 468,1182 513,1182 558,1182 603,1182 647,1182 692,1185 737,1185 782,1185 826,1185 844,1185"/>
                <TextEquiv>
                    <Unicode>Entzog, und Tage voll Schrecken,</Unicode>
                </TextEquiv>
            </TextLine>
            <TextLine id="r_10_tl_19" custom="readingOrder {index:18;}">
                <Coords points="156,1244 197,1234 284,1257 314,1239 385,1256 504,1233 526,1251 610,1240 645,1260 695,1240 694,1199 654,1186 521,1213 427,1181 383,1208 155,1195"/>
                <Baseline points="161,1227 206,1230 250,1233 295,1233 340,1233 385,1230 429,1230 474,1230 519,1230 564,1230 609,1230 653,1230 698,1236 701,1233"/>
                <TextEquiv>
                    <Unicode>Dem Vaterlande gebracht!</Unicode>
                </TextEquiv>
            </TextLine>
            <TextLine id="r_10_tl_20" custom="readingOrder {index:19;}">
                <Coords points="151,1280 242,1299 477,1281 740,1297 798,1286 797,1226 639,1260 608,1238 279,1260 150,1240"/>
                <Baseline points="158,1274 203,1277 247,1277 292,1277 337,1277 382,1280 426,1277 471,1277 516,1274 561,1277 606,1277 650,1277 695,1277 740,1280 785,1280 800,1280"/>
                <TextEquiv>
                    <Unicode>Dann sing uns festliche Spiele</Unicode>
                </TextEquiv>
            </TextLine>
            <TextLine id="r_10_tl_21" custom="readingOrder {index:20;}">
                <Coords points="145,1335 555,1332 611,1350 685,1325 830,1357 821,1272 681,1315 565,1286 212,1300 143,1277"/>
                <Baseline points="152,1322 197,1325 241,1322 286,1325 331,1325 376,1322 420,1325 465,1322 510,1325 555,1325 600,1325 644,1322 689,1325 734,1325 779,1328 824,1331 832,1334"/>
                <TextEquiv>
                    <Unicode>Der hoch aufhüpfenden Stadt,</Unicode>
                </TextEquiv>
            </TextLine>
            <TextLine id="r_10_tl_22" custom="readingOrder {index:21;}">
                <Coords points="151,1378 468,1386 541,1372 655,1388 717,1372 717,1334 664,1327 611,1350 555,1332 424,1347 375,1332 236,1349 151,1337"/>
                <Baseline points="158,1370 182,1370 226,1370 271,1367 316,1364 361,1364 406,1364 450,1367 495,1367 540,1367 585,1364 629,1364 674,1367 719,1367"/>
                <TextEquiv>
                    <Unicode>Und der Gerechtigkeit Säle,</Unicode>
                </TextEquiv>
            </TextLine>
            <TextLine id="r_10_tl_23" custom="readingOrder {index:22;}">
                <Coords points="148,1422 704,1427 755,1415 755,1362 616,1390 543,1372 475,1392 338,1375 278,1398 148,1375"/>
                <Baseline points="155,1415 176,1415 220,1412 265,1409 310,1409 355,1409 400,1409 444,1412 489,1412 534,1412 579,1409 623,1409 668,1412 713,1409 758,1409"/>
                <TextEquiv>
                    <Unicode>Nicht voll vom Klägertumult</Unicode>
                </TextEquiv>
            </TextLine>
            <TextLine id="r_10_tl_24" custom="readingOrder {index:23;}">
                <Coords points="142,1473 727,1465 727,1418 583,1417 544,1435 511,1420 250,1432 142,1417"/>
                <Baseline points="149,1456 194,1459 238,1456 283,1456 328,1456 373,1453 417,1453 462,1453 507,1453 552,1456 597,1453 641,1456 686,1456 731,1453"/>
                <TextEquiv>
                    <Unicode>Und wieder lebende Freuden</Unicode>
                </TextEquiv>
            </TextLine>
            <TextLine id="r_10_tl_25" custom="readingOrder {index:24;}">
                <Coords points="142,1521 497,1527 600,1511 600,1470 142,1473"/>
                <Baseline points="149,1510 155,1510 200,1504 244,1504 289,1504 334,1504 379,1504 423,1501 468,1501 513,1501 558,1501 603,1504"/>
                <TextEquiv>
                    <Unicode>Ins neugesittete Volk,</Unicode>
                </TextEquiv>
            </TextLine>
            <TextLine id="r_10_tl_26" custom="readingOrder {index:25;}">
                <Coords points="145,1566 760,1573 776,1571 776,1492 711,1482 605,1521 423,1516 367,1534 145,1519"/>
                <Baseline points="152,1552 197,1555 241,1552 286,1552 331,1555 376,1552 420,1555 465,1555 510,1555 555,1552 600,1555 644,1552 689,1552 734,1552 779,1555 782,1552"/>
                <TextEquiv>
                    <Unicode>Durch die erlangte Zurückkunft</Unicode>
                </TextEquiv>
            </TextLine>
            <TextLine id="r_10_tl_27" custom="readingOrder {index:26;}">
                <Coords points="148,1622 661,1612 697,1633 735,1609 856,1642 856,1538 676,1582 148,1567"/>
                <Baseline points="155,1603 200,1606 244,1606 289,1606 334,1603 379,1606 423,1606 468,1606 513,1606 558,1606 603,1606 647,1606 692,1606 737,1603 782,1606 826,1609 859,1609"/>
                <TextEquiv>
                    <Unicode>Des großen Friedrichs gebracht.</Unicode>
                </TextEquiv>
            </TextLine>
            <TextLine id="r_10_tl_28" custom="readingOrder {index:27;}">
                <Coords points="145,1673 313,1663 489,1685 535,1660 626,1658 731,1697 815,1672 815,1619 329,1634 145,1618"/>
                <Baseline points="152,1656 197,1656 241,1656 286,1659 331,1656 376,1656 420,1656 465,1656 510,1656 555,1653 600,1656 644,1656 689,1656 734,1656 779,1659 818,1659"/>
                <TextEquiv>
                    <Unicode>Gelehnt am Arme des Sangers</Unicode>
                </TextEquiv>
            </TextLine>
            <TextLine id="r_10_tl_29" custom="readingOrder {index:28;}">
                <Coords points="140,1715 193,1732 251,1714 274,1730 504,1723 555,1746 614,1715 687,1719 687,1670 667,1667 551,1670 516,1690 413,1668 346,1684 140,1673"/>
                <Baseline points="146,1707 191,1707 235,1707 280,1710 325,1710 370,1710 414,1710 459,1710 504,1710 549,1707 594,1707 638,1707 683,1710 689,1707"/>
                <TextEquiv>
                    <Unicode>Der Kriegeslieder will ich</Unicode>
                </TextEquiv>
            </TextLine>
            <TextLine id="r_10_tl_30" custom="readingOrder {index:29;}">
                <Coords points="145,1773 362,1790 388,1770 475,1786 674,1760 828,1791 842,1700 716,1695 675,1727 556,1748 483,1722 145,1718"/>
                <Baseline points="152,1755 197,1758 241,1758 286,1761 331,1761 376,1764 420,1764 465,1761 510,1761 555,1761 600,1761 644,1761 689,1758 734,1761 779,1761 824,1761 844,1761"/>
                <TextEquiv>
                    <Unicode>Triumph ausruffen, und Antwort</Unicode>
                </TextEquiv>
            </TextLine>
            <TextLine id="r_10_tl_31" custom="readingOrder {index:30;}">
                <Coords points="142,1823 761,1829 761,1775 667,1760 546,1785 515,1769 413,1786 388,1769 361,1790 142,1771"/>
                <Baseline points="149,1803 194,1806 238,1809 283,1809 328,1809 373,1812 417,1812 462,1812 507,1812 552,1809 597,1809 641,1806 686,1809 731,1809 764,1809"/>
                <TextEquiv>
                    <Unicode>Giebt die frohlockende Stadt.</Unicode>
                </TextEquiv>
            </TextLine>
            <TextLine id="r_10_tl_32" custom="readingOrder {index:31;}">
                <Coords points="145,1871 871,1869 872,1803 742,1833 635,1815 251,1843 145,1821"/>
                <Baseline points="152,1854 197,1857 241,1859 286,1859 331,1859 376,1859 420,1859 465,1859 510,1857 555,1857 600,1854 644,1854 689,1857 734,1854 779,1857 824,1857 868,1857 874,1859"/>
                <TextEquiv>
                    <Unicode>Den weyrauchdampfenden Tempeln</Unicode>
                </TextEquiv>
            </TextLine>
            <TextLine id="r_10_tl_33" custom="readingOrder {index:32;}">
                <Coords points="136,1920 691,1910 773,1947 853,1932 853,1866 388,1886 271,1864 241,1889 136,1872"/>
                <Baseline points="143,1904 188,1907 232,1907 277,1910 322,1907 367,1910 412,1907 456,1907 501,1904 546,1904 591,1904 635,1904 680,1901 725,1904 770,1904 815,1904 856,1904"/>
                <TextEquiv>
                    <Unicode>Der Spree, dem horchenden Hain | |</Unicode>
                </TextEquiv>
            </TextLine>
            <TextLine id="r_10_tl_34" custom="readingOrder {index:33;}">
                <Coords points="141,1961 242,1981 272,1962 301,1980 432,1965 478,1979 575,1950 685,1971 709,1964 710,1911 526,1930 506,1914 407,1931 142,1920"/>
                <Baseline points="149,1952 194,1955 238,1958 283,1958 328,1958 373,1955 417,1952 462,1952 507,1949 552,1949 597,1949 641,1949 686,1949 713,1952"/>
                <TextEquiv>
                    <Unicode>Dem jubelruffenden Volke,</Unicode>
                </TextEquiv>
            </TextLine>
            <TextLine id="r_10_tl_35" custom="readingOrder {index:34;}">
                <Coords points="142,2033 273,2015 561,2028 635,1996 699,2017 771,1989 812,2000 813,1944 555,1979 143,1964"/>
                <Baseline points="149,2003 188,2000 232,2006 277,2006 322,2003 367,2003 412,2000 456,2000 501,2000 546,1997 591,1994 635,1994 680,1994 725,1997 770,1988 815,1985"/>
                <TextEquiv>
                    <Unicode>Dreystimmig singen wir vor! *</Unicode>
                </TextEquiv>
            </TextLine>
            <TextLine id="r_10_tl_36" custom="readingOrder {index:35;}">
                <Coords points="225,2067 1161,2081 1160,1998 968,2030 600,2007 225,2037"/>
                <Baseline points="232,2048 277,2054 322,2054 367,2054 412,2051 456,2051 501,2051 546,2051 591,2048 635,2048 680,2051 725,2051 770,2051 815,2051 859,2051 904,2054 949,2057 994,2057 1038,2060 1083,2063 1128,2065 1164,2065"/>
                <TextEquiv>
                    <Unicode>Der unnachahmliche Pindar, an Herrn Ramler S. 169,</Unicode>
                </TextEquiv>
            </TextLine>
            <TextLine id="r_10_tl_37" custom="readingOrder {index:36;}">
                <Coords points="130,2110 150,2108 165,2116 223,2103 246,2108 268,2095 292,2105 292,2062 283,2065 274,2060 258,2067 245,2063 227,2067 213,2078 197,2067 161,2070 151,2060 130,2061"/>
                <Baseline points="137,2086 182,2086 226,2089 271,2086 295,2086"/>
                <TextEquiv>
                    <Unicode>17o, 171.</Unicode>
                </TextEquiv>
            </TextLine>
            <TextLine id="r_10_tl_38" custom="readingOrder {index:37;}">
                <Coords points="140,2162 852,2169 881,2159 881,2080 696,2095 483,2076 404,2123 140,2118"/>
                <Baseline points="146,2143 191,2146 235,2149 280,2149 325,2149 370,2152 414,2152 459,2149 504,2152 549,2149 594,2152 638,2149 683,2152 728,2152 773,2152 818,2155 862,2155 883,2155"/>
                <TextEquiv>
                    <Unicode>Mir unumtauschbar ist ein Freund!</Unicode>
                </TextEquiv>
            </TextLine>
            <TextLine id="r_10_tl_39" custom="readingOrder {index:38;}">
                <Coords points="142,2208 1005,2236 996,2122 760,2179 142,2163"/>
                <Baseline points="149,2194 194,2197 238,2200 283,2197 328,2200 373,2200 417,2203 462,2203 507,2203 552,2206 597,2206 641,2203 686,2206 731,2203 776,2206 821,2206 865,2209 910,2206 955,2209 1000,2209 1009,2209"/>
                <TextEquiv>
                    <Unicode>Mir darf kein Prinz den Fleiß belohnen.</Unicode>
                </TextEquiv>
            </TextLine>
            <TextLine id="r_10_tl_40" custom="readingOrder {index:39;}">
                <Coords points="133,2260 251,2275 450,2253 518,2280 727,2262 901,2300 901,2229 873,2223 132,2203"/>
                <Baseline points="140,2251 185,2251 229,2251 274,2251 319,2251 364,2254 409,2254 453,2254 498,2254 543,2254 588,2254 632,2254 677,2254 722,2254 767,2257 812,2254 856,2260 901,2266 904,2266"/>
                <TextEquiv>
                    <Unicode>Nur Sulzer werde nie mein Feind,</Unicode>
                </TextEquiv>
            </TextLine>
            <TextLine id="r_10_tl_41" custom="readingOrder {index:40;}">
                <Coords points="133,2312 188,2328 412,2309 459,2329 583,2305 763,2313 750,2268 133,2265"/>
                <Baseline points="140,2304 185,2304 229,2304 274,2304 319,2301 364,2304 409,2304 453,2304 498,2304 543,2304 588,2301 632,2301 677,2301 722,2301 767,2304"/>
                <TextEquiv>
                    <Unicode>Ihn gäb ich nicht um Cronen.</Unicode>
                </TextEquiv>
            </TextLine>
            <TextLine id="r_10_tl_42" custom="readingOrder {index:41;}">
                <Coords points="130,2370 797,2367 797,2320 742,2310 717,2327 635,2310 544,2340 505,2314 358,2333 130,2314"/>
                <Baseline points="137,2349 182,2352 226,2355 271,2355 316,2355 361,2352 406,2355 450,2355 495,2355 540,2352 585,2355 629,2352 674,2352 719,2352 764,2355 800,2355"/>
                <TextEquiv>
                    <Unicode>Und jenen, der mir aus Berlin</Unicode>
                </TextEquiv>
            </TextLine>
            <TextLine id="r_10_tl_43" custom="readingOrder {index:42;}">
                <Coords points="133,2411 271,2428 358,2405 495,2429 645,2401 815,2429 832,2379 758,2360 538,2385 449,2360 278,2379 132,2365"/>
                <Baseline points="140,2391 185,2403 229,2403 274,2403 319,2403 364,2403 409,2403 453,2406 498,2403 543,2403 588,2400 632,2400 677,2403 722,2403 767,2403 812,2409 835,2409"/>
                <TextEquiv>
                    <Unicode>Mehr als Gesänge noch entführte,</Unicode>
                </TextEquiv>
            </TextLine>
            <TextLine id="r_10_tl_44" custom="readingOrder {index:43;}">
                <Coords points="130,2458 223,2474 274,2453 312,2474 450,2455 521,2475 626,2455 748,2493 830,2483 828,2441 777,2413 686,2428 655,2410 589,2434 478,2411 427,2429 130,2416"/>
                <Baseline points="137,2448 182,2448 226,2451 271,2451 316,2454 361,2454 406,2454 450,2454 495,2454 540,2454 585,2451 629,2451 674,2454 719,2454 764,2457 809,2460 832,2460"/>
                <TextEquiv>
                    <Unicode>Wüßt ich dem Zepter vorzuziehn,</Unicode>
                </TextEquiv>
            </TextLine>
            <TextLine id="r_10_tl_45" custom="readingOrder {index:44;}">
                <Coords points="135,2514 327,2507 346,2525 408,2526 492,2509 550,2526 585,2509 630,2529 629,2458 544,2458 463,2483 372,2459 333,2476 273,2453 237,2483 200,2461 133,2460"/>
                <Baseline points="140,2495 185,2495 229,2498 274,2498 319,2501 364,2498 409,2501 453,2501 498,2501 543,2501 588,2501 632,2504 635,2501"/>
                <TextEquiv>
                    <Unicode>Der eine Welt regierte;</Unicode>
                </TextEquiv>
            </TextLine>
            <TextLine id="r_10_tl_46" custom="readingOrder {index:45;}">
                <Coords points="130,2546 207,2571 281,2554 395,2577 420,2559 518,2576 565,2556 714,2569 712,2491 632,2531 585,2509 551,2526 493,2511 473,2531 344,2525 324,2506 188,2521 130,2501"/>
                <Baseline points="137,2543 182,2546 226,2546 271,2549 316,2549 361,2549 406,2549 450,2549 495,2549 540,2549 585,2549 629,2549 674,2549 716,2549"/>
                <TextEquiv>
                    <Unicode>Und diesen dem Apollo gab | |</Unicode>
                </TextEquiv>
            </TextLine>
            <TextLine id="r_10_tl_47" custom="readingOrder {index:46;}">
                <Coords points="131,2607 288,2621 322,2602 483,2628 624,2605 828,2617 827,2540 674,2577 598,2556 394,2576 130,2551"/>
                <Baseline points="137,2594 182,2591 226,2594 271,2594 316,2597 361,2597 406,2597 450,2600 495,2600 540,2600 585,2600 629,2600 674,2600 719,2600 764,2603 809,2603 832,2603"/>
                <TextEquiv>
                    <Unicode>Des Cäsars Dichter nachzuahmen,</Unicode>
                </TextEquiv>
            </TextLine>
            <TextLine id="r_10_tl_48" custom="readingOrder {index:47;}">
                <Coords points="136,2657 253,2652 277,2670 413,2651 516,2671 605,2652 823,2681 822,2612 755,2631 706,2607 510,2609 485,2630 442,2614 388,2632 329,2606 135,2609"/>
                <Baseline points="143,2642 188,2645 232,2645 277,2645 322,2645 367,2645 412,2648 456,2648 501,2648 546,2648 591,2648 635,2648 680,2648 725,2651 770,2651 815,2654 826,2651"/>
                <TextEquiv>
                    <Unicode>Den tauscht mir keine Fürstin ab</Unicode>
                </TextEquiv>
            </TextLine>
            <TextLine id="r_10_tl_49" custom="readingOrder {index:48;}">
                <Coords points="133,2707 797,2713 797,2682 665,2656 610,2675 133,2658"/>
                <Baseline points="140,2689 185,2692 229,2695 274,2695 319,2695 364,2695 409,2695 453,2695 498,2698 543,2695 588,2695 632,2695 677,2698 722,2698 767,2698 800,2704"/>
                <TextEquiv>
                    <Unicode>Mit dem durchlauchten Namen.</Unicode>
                </TextEquiv>
            </TextLine>
            <TextLine id="r_10_tl_50" custom="readingOrder {index:49;}">
                <Coords points="130,2772 478,2781 554,2764 631,2788 782,2787 803,2784 803,2711 128,2706"/>
                <Baseline points="137,2746 182,2746 226,2743 271,2746 316,2743 361,2746 406,2746 450,2746 495,2749 540,2746 585,2746 629,2749 674,2749 719,2749 764,2749 806,2752"/>
                <TextEquiv>
                    <Unicode>Auf keinen meiner Freunde läßt</Unicode>
                </TextEquiv>
            </TextLine>
            <TextEquiv>
                <Unicode></Unicode>
            </TextEquiv>
        </TextRegion>
        <TextRegion id="r_11" custom="readingOrder {index:1;}">
            <Coords points="1166,293 2257,299 2251,2826 1166,2808"/>
            <TextLine id="r_11_tl_1" custom="readingOrder {index:0;}">
                <Coords points="1199,358 1556,368 1703,344 2060,372 2058,319 1925,298 1199,304"/>
                <Baseline points="1206,337 1250,343 1295,346 1340,343 1385,346 1430,346 1474,346 1519,346 1564,346 1609,346 1653,346 1698,343 1743,346 1788,346 1833,346 1877,346 1922,346 1967,346 2012,349 2057,349 2060,349"/>
                <TextEquiv>
                    <Unicode>Mein Herz den großen Anspruch fahren;</Unicode>
                </TextEquiv>
            </TextLine>
            <TextLine id="r_11_tl_2" custom="readingOrder {index:1;}">
                <Coords points="1208,404 1267,419 1309,394 1406,420 1491,399 1688,414 1773,398 1854,425 1877,418 1876,362 1801,351 1779,368 1702,344 1472,374 1339,352 1206,369"/>
                <Baseline points="1215,391 1259,391 1304,391 1349,397 1394,394 1439,397 1483,394 1528,394 1573,394 1618,394 1662,394 1707,397 1752,397 1797,397 1842,397 1880,397"/>
                <TextEquiv>
                    <Unicode>Sie machen meines Lebens Rest | |</Unicode>
                </TextEquiv>
            </TextLine>
            <TextLine id="r_11_tl_3" custom="readingOrder {index:2;}">
                <Coords points="1199,462 1267,465 1295,445 1361,469 1382,453 1403,472 1436,457 1458,474 1521,453 1577,467 1606,447 1684,450 1673,405 1452,405 1420,425 1317,403 1272,419 1199,398"/>
                <Baseline points="1206,444 1238,444 1283,441 1328,444 1373,444 1418,447 1462,444 1507,441 1552,441 1597,438 1642,441 1686,441"/>
                <TextEquiv>
                    <Unicode>Zu lauter Jubeljahren.</Unicode>
                </TextEquiv>
            </TextLine>
            <TextLine id="r_11_tl_4" custom="readingOrder {index:3;}">
                <Coords points="1205,514 1463,495 1541,514 1579,495 1735,499 1841,531 1916,520 1916,454 1804,437 1457,475 1382,453 1205,460"/>
                <Baseline points="1212,489 1256,492 1301,492 1346,492 1391,492 1436,492 1480,492 1525,492 1570,489 1615,489 1659,489 1704,492 1749,492 1794,492 1839,492 1883,495 1919,495"/>
                <TextEquiv>
                    <Unicode>Uud du! so ganz für meine Wahl</Unicode>
                </TextEquiv>
            </TextLine>
            <TextLine id="r_11_tl_5" custom="readingOrder {index:4;}">
                <Coords points="1208,546 1465,566 1531,549 1815,556 1815,518 1734,499 1208,510"/>
                <Baseline points="1215,537 1259,540 1304,540 1349,540 1394,540 1439,540 1483,537 1528,537 1573,537 1618,537 1662,537 1707,540 1752,537 1797,540 1818,546"/>
                <TextEquiv>
                    <Unicode>Geschafner Freund! vergönne, | |</Unicode>
                </TextEquiv>
            </TextLine>
            <TextLine id="r_11_tl_6" custom="readingOrder {index:5;}">
                <Coords points="1199,598 2083,603 2072,540 1198,551"/>
                <Baseline points="1206,585 1250,588 1295,588 1340,591 1385,588 1430,588 1474,588 1519,585 1564,588 1609,588 1653,588 1698,588 1743,588 1788,591 1833,591 1877,594 1922,594 1967,594 2012,597 2057,594 2086,597"/>
                <TextEquiv>
                    <Unicode>Daß ich bey Buchholz und bey Stahl</Unicode>
                </TextEquiv>
            </TextLine>
            <TextLine id="r_11_tl_7" custom="readingOrder {index:6;}">
                <Coords points="1205,644 1803,641 1790,596 1667,615 1583,594 1280,613 1205,594"/>
                <Baseline points="1212,629 1256,635 1301,635 1346,635 1391,635 1436,635 1480,632 1525,635 1570,635 1615,635 1659,632 1704,632 1749,635 1794,638 1806,638"/>
                <TextEquiv>
                    <Unicode>Dich als ein Kleinod nenne.</Unicode>
                </TextEquiv>
            </TextLine>
            <TextLine id="r_11_tl_8" custom="readingOrder {index:7;}">
                <Coords points="1259,689 2219,700 2208,647 1875,626 1259,652"/>
                <Baseline points="1265,674 1310,674 1355,674 1400,677 1444,677 1489,674 1534,671 1579,671 1624,671 1668,671 1713,674 1758,671 1803,674 1848,674 1892,674 1937,677 1982,677 2027,680 2071,683 2116,683 2161,683 2206,683 2221,680"/>
                <TextEquiv>
                    <Unicode>An Palemon nach Herrn Gleims Abreise aus Berlin S. 196,</Unicode>
                </TextEquiv>
            </TextLine>
            <TextLine id="r_11_tl_9" custom="readingOrder {index:8;}">
                <Coords points="1203,731 1925,729 1950,727 1951,685 1320,699 1204,664"/>
                <Baseline points="1209,716 1253,716 1298,716 1343,719 1388,719 1433,719 1477,719 1522,719 1567,716 1612,716 1656,716 1701,716 1746,716 1791,716 1836,716 1880,716 1925,716 1952,716"/>
                <TextEquiv>
                    <Unicode>O Borchmann! sprich, wann eßen</Unicode>
                </TextEquiv>
            </TextLine>
            <TextLine id="r_11_tl_10" custom="readingOrder {index:9;}">
                <Coords points="1205,785 1886,778 1927,773 1927,725 1205,729"/>
                <Baseline points="1212,761 1215,761 1259,764 1304,764 1349,767 1394,767 1439,767 1483,767 1528,767 1573,767 1618,764 1662,767 1707,764 1752,764 1797,764 1842,761 1886,764 1931,758"/>
                <TextEquiv>
                    <Unicode>Die Menschen mehr als königlich?</Unicode>
                </TextEquiv>
            </TextLine>
            <TextLine id="r_11_tl_11" custom="readingOrder {index:10;}">
                <Coords points="1203,828 1791,817 1917,836 1972,825 1972,782 1203,787"/>
                <Baseline points="1209,812 1253,812 1298,818 1343,815 1388,815 1433,815 1477,818 1522,818 1567,818 1612,815 1656,815 1701,812 1746,815 1791,812 1836,812 1880,812 1925,812 1970,812 1976,812"/>
                <TextEquiv>
                    <Unicode>Wenn sie der ganzen Welt vergeßen</Unicode>
                </TextEquiv>
            </TextLine>
            <TextLine id="r_11_tl_12" custom="readingOrder {index:11;}">
                <Coords points="1208,871 2149,881 2129,813 1821,840 1208,825"/>
                <Baseline points="1215,865 1256,865 1301,862 1346,862 1391,862 1436,865 1480,865 1525,868 1570,862 1615,865 1659,862 1704,859 1749,865 1794,865 1839,862 1883,865 1928,865 1973,862 2018,862 2063,862 2107,862 2152,862"/>
                <TextEquiv>
                    <Unicode>Und so vergnügt, wie Gleim und du und ich</Unicode>
                </TextEquiv>
            </TextLine>
            <TextLine id="r_11_tl_13" custom="readingOrder {index:12;}">
                <Coords points="1211,922 2212,936 2212,877 2176,868 1211,874"/>
                <Baseline points="1218,907 1262,910 1307,910 1352,910 1397,910 1442,913 1486,916 1531,916 1576,913 1621,913 1665,913 1710,910 1755,913 1800,913 1845,913 1889,913 1934,913 1979,913 2024,913 2068,916 2113,916 2158,916 2203,919 2215,919"/>
                <TextEquiv>
                    <Unicode>Mit einer Schüßel sind, und niemand fürchten dürfen,</Unicode>
                </TextEquiv>
            </TextLine>
            <TextLine id="r_11_tl_14" custom="readingOrder {index:13;}">
                <Coords points="1199,972 2077,976 2077,938 1962,923 1199,923"/>
                <Baseline points="1206,961 1250,961 1295,961 1340,961 1385,961 1430,961 1474,961 1519,964 1564,964 1609,964 1653,961 1698,961 1743,961 1788,961 1833,961 1877,964 1922,967 1967,967 2012,967 2057,967 2080,967"/>
                <TextEquiv>
                    <Unicode>Und ihren Wein mit einer Zunge schlürfen,</Unicode>
                </TextEquiv>
            </TextLine>
            <TextLine id="r_11_tl_15" custom="readingOrder {index:14;}">
                <Coords points="1193,1025 1856,1020 1856,984 1783,971 1193,978"/>
                <Baseline points="1200,1012 1233,1009 1277,1009 1322,1009 1367,1012 1412,1015 1456,1015 1501,1018 1546,1015 1591,1015 1636,1012 1680,1009 1725,1012 1770,1012 1815,1012 1859,1009"/>
                <TextEquiv>
                    <Unicode>Die frey und unbeurtheilt spricht.</Unicode>
                </TextEquiv>
            </TextLine>
            <TextLine id="r_11_tl_16" custom="readingOrder {index:15;}">
                <Coords points="1199,1068 2090,1080 2090,1015 1199,1025"/>
                <Baseline points="1206,1059 1250,1059 1295,1056 1340,1059 1385,1059 1430,1062 1474,1062 1519,1065 1564,1065 1609,1065 1653,1065 1698,1062 1743,1062 1788,1062 1833,1062 1877,1062 1922,1062 1967,1062 2012,1065 2057,1065 2092,1065"/>
                <TextEquiv>
                    <Unicode>O welch ein Mahl! der König hat es nicht.</Unicode>
                </TextEquiv>
            </TextLine>
            <TextLine id="r_11_tl_17" custom="readingOrder {index:16;}">
                <Coords points="1354,1109 1367,1105 1373,1112 1397,1110 1407,1114 1420,1110 1427,1118 1468,1118 1492,1112 1491,1075 1441,1083 1427,1072 1416,1078 1402,1075 1390,1065 1371,1074 1359,1088 1352,1088"/>
                <Baseline points="1361,1101 1406,1104 1450,1107 1495,1104"/>
                <TextEquiv>
                    <Unicode>S. 355.</Unicode>
                </TextEquiv>
            </TextLine>
            <TextLine id="r_11_tl_18" custom="readingOrder {index:17;}">
                <Coords points="1193,1154 1959,1161 1970,1105 1191,1115"/>
                <Baseline points="1200,1140 1244,1140 1289,1140 1334,1140 1379,1143 1424,1143 1468,1149 1513,1146 1558,1146 1603,1146 1648,1146 1692,1146 1737,1146 1782,1146 1827,1146 1871,1146 1916,1146 1961,1149 1973,1149"/>
                <TextEquiv>
                    <Unicode>Oft loben uns Dichter, die täuschen,</Unicode>
                </TextEquiv>
            </TextLine>
            <TextLine id="r_11_tl_19" custom="readingOrder {index:18;}">
                <Coords points="1211,1205 1495,1195 1564,1219 1810,1199 1972,1233 1971,1158 1922,1151 1718,1171 1211,1155"/>
                <Baseline points="1218,1188 1262,1191 1307,1191 1352,1191 1397,1194 1442,1197 1486,1194 1531,1194 1576,1197 1621,1194 1665,1194 1710,1194 1755,1194 1800,1191 1845,1191 1889,1194 1934,1194 1973,1194"/>
                <TextEquiv>
                    <Unicode>Es lebe mein Ramler! Er spricht:</Unicode>
                </TextEquiv>
            </TextLine>
            <TextLine id="r_11_tl_20" custom="readingOrder {index:19;}">
                <Coords points="1205,1251 1648,1262 1732,1243 1754,1264 1919,1266 1917,1216 1810,1200 1627,1220 1204,1208"/>
                <Baseline points="1212,1241 1256,1238 1301,1241 1346,1244 1391,1241 1436,1241 1480,1244 1525,1244 1570,1244 1615,1244 1659,1244 1704,1241 1749,1244 1794,1241 1839,1241 1883,1247 1922,1247"/>
                <TextEquiv>
                    <Unicode>Wenn es Verdienste nicht heischen,</Unicode>
                </TextEquiv>
            </TextLine>
            <TextLine id="r_11_tl_21" custom="readingOrder {index:20;}">
                <Coords points="1203,1320 1466,1321 1529,1301 1785,1319 1785,1261 1732,1243 1659,1266 1203,1255"/>
                <Baseline points="1209,1292 1250,1289 1295,1289 1340,1292 1385,1292 1430,1292 1474,1292 1519,1292 1564,1292 1609,1292 1653,1292 1698,1292 1743,1292 1788,1289"/>
                <TextEquiv>
                    <Unicode>Lob ich selbst Könige nicht.</Unicode>
                </TextEquiv>
            </TextLine>
            <TextLine id="r_11_tl_22" custom="readingOrder {index:21;}">
                <Coords points="1480,1326 1507,1335 1521,1346 1543,1329 1554,1336 1566,1332 1576,1337 1599,1335 1599,1310 1587,1306 1583,1309 1564,1304 1559,1309 1547,1306 1541,1311 1529,1301 1526,1305 1507,1301 1502,1305 1493,1302 1488,1307 1480,1307"/>
                <Baseline points="1486,1325 1531,1325 1576,1325 1603,1328"/>
                <TextEquiv>
                    <Unicode>S. 350</Unicode>
                </TextEquiv>
            </TextLine>
            <TextLine id="r_11_tl_23" custom="readingOrder {index:22;}">
                <Coords points="1198,1385 1241,1366 1524,1365 1890,1402 1889,1329 1708,1309 1519,1346 1196,1322"/>
                <Baseline points="1203,1361 1247,1361 1292,1361 1337,1361 1382,1361 1427,1361 1471,1361 1516,1361 1561,1364 1606,1364 1650,1364 1695,1364 1740,1364 1785,1364 1830,1364 1874,1364 1892,1367"/>
                <TextEquiv>
                    <Unicode>O Freund! der Maler? gefunden.</Unicode>
                </TextEquiv>
            </TextLine>
            <TextLine id="r_11_tl_24" custom="readingOrder {index:23;}">
                <Coords points="1193,1412 1785,1418 1785,1385 1674,1367 1539,1386 1371,1367 1193,1382"/>
                <Baseline points="1200,1403 1244,1400 1289,1400 1334,1400 1379,1403 1424,1403 1468,1403 1513,1403 1558,1403 1603,1403 1648,1406 1692,1406 1737,1406 1782,1409 1788,1409"/>
                <TextEquiv>
                    <Unicode>Hat er im Auge mein Herz.</Unicode>
                </TextEquiv>
            </TextLine>
            <TextLine id="r_11_tl_25" custom="readingOrder {index:24;}">
                <Coords points="1188,1452 1549,1473 1687,1452 1748,1470 1824,1460 1823,1416 1793,1407 1695,1425 1669,1407 1186,1413"/>
                <Baseline points="1194,1444 1238,1444 1283,1447 1328,1447 1373,1447 1418,1450 1462,1450 1507,1450 1552,1450 1597,1453 1642,1453 1686,1453 1731,1453 1776,1453 1821,1456 1827,1456"/>
                <TextEquiv>
                    <Unicode>Er fand mit spähenden Blicke</Unicode>
                </TextEquiv>
            </TextLine>
            <TextLine id="r_11_tl_26" custom="readingOrder {index:25;}">
                <Coords points="1198,1507 1300,1496 1426,1524 1534,1503 1668,1527 1728,1501 1815,1538 1814,1472 1764,1462 1458,1476 1196,1451"/>
                <Baseline points="1203,1477 1244,1495 1289,1495 1334,1495 1379,1498 1424,1498 1468,1501 1513,1501 1558,1501 1603,1504 1648,1501 1692,1501 1737,1501 1782,1504 1818,1507"/>
                <TextEquiv>
                    <Unicode>Den Geist, und zeichnete ihn.</Unicode>
                </TextEquiv>
            </TextLine>
            <TextLine id="r_11_tl_27" custom="readingOrder {index:26;}">
                <Coords points="1188,1549 1480,1571 1667,1553 1690,1571 1778,1571 1791,1524 1697,1507 1665,1528 1584,1524 1533,1504 1407,1533 1377,1508 1356,1524 1301,1498 1186,1497"/>
                <Baseline points="1194,1546 1238,1546 1283,1546 1328,1549 1373,1546 1418,1549 1462,1552 1507,1552 1552,1552 1597,1552 1642,1552 1686,1552 1731,1552 1776,1555 1794,1552"/>
                <TextEquiv>
                    <Unicode>Die sanft empfindende Seele</Unicode>
                </TextEquiv>
            </TextLine>
            <TextLine id="r_11_tl_28" custom="readingOrder {index:27;}">
                <Coords points="1199,1611 1835,1623 1871,1612 1870,1546 1643,1587 1584,1558 1310,1576 1198,1557"/>
                <Baseline points="1206,1597 1250,1597 1295,1597 1340,1600 1385,1600 1430,1603 1474,1603 1519,1600 1564,1603 1609,1606 1653,1606 1698,1606 1743,1606 1788,1606 1833,1603 1874,1606"/>
                <TextEquiv>
                    <Unicode>Entwarf sein Pinsel, und nicht | |</Unicode>
                </TextEquiv>
            </TextLine>
            <TextLine id="r_11_tl_29" custom="readingOrder {index:28;}">
                <Coords points="1193,1657 2012,1678 2012,1616 1915,1597 1854,1628 1743,1604 1473,1634 1346,1612 1296,1634 1191,1607"/>
                <Baseline points="1200,1636 1241,1650 1286,1653 1331,1653 1376,1653 1421,1653 1465,1653 1510,1656 1555,1653 1600,1656 1645,1656 1689,1656 1734,1656 1779,1659 1824,1659 1868,1656 1913,1659 1958,1659 2003,1659 2015,1659"/>
                <TextEquiv>
                    <Unicode>Den Mund, die Wange, das Lächeln,</Unicode>
                </TextEquiv>
            </TextLine>
            <TextLine id="r_11_tl_30" custom="readingOrder {index:29;}">
                <Coords points="1203,1714 1260,1725 1310,1712 1347,1734 1455,1712 1499,1725 1715,1717 1715,1667 1634,1679 1557,1663 1340,1663 1282,1684 1249,1662 1203,1663"/>
                <Baseline points="1209,1695 1253,1704 1298,1701 1343,1704 1388,1704 1433,1704 1477,1707 1522,1704 1567,1704 1612,1707 1656,1707 1701,1710 1719,1710"/>
                <TextEquiv>
                    <Unicode>Dir ohne Reitze bekannt.</Unicode>
                </TextEquiv>
            </TextLine>
            <TextLine id="r_11_tl_31" custom="readingOrder {index:30;}">
                <Coords points="1193,1763 1739,1771 1759,1765 1759,1724 1470,1712 1416,1735 1226,1712 1193,1729"/>
                <Baseline points="1200,1755 1244,1755 1289,1755 1334,1755 1379,1758 1424,1758 1468,1755 1513,1755 1558,1758 1603,1755 1648,1761 1692,1761 1737,1761 1761,1761"/>
                <TextEquiv>
                    <Unicode>O dies zu schöne Gemälde</Unicode>
                </TextEquiv>
            </TextLine>
            <TextLine id="r_11_tl_32" custom="readingOrder {index:31;}">
                <Coords points="1196,1808 1244,1828 1311,1810 1357,1825 1593,1811 1649,1829 1683,1806 1744,1828 1796,1816 1795,1776 1766,1766 1452,1780 1355,1763 1305,1784 1250,1758 1195,1764"/>
                <Baseline points="1203,1803 1247,1803 1292,1803 1337,1803 1382,1806 1427,1806 1471,1806 1516,1806 1561,1806 1606,1806 1650,1809 1695,1806 1740,1809 1785,1809 1800,1809"/>
                <TextEquiv>
                    <Unicode>Seh ich und kenne das Bild</Unicode>
                </TextEquiv>
            </TextLine>
            <TextLine id="r_11_tl_33" custom="readingOrder {index:32;}">
                <Coords points="1190,1865 1856,1874 1855,1823 1791,1815 1714,1830 1679,1810 1645,1834 1471,1811 1248,1829 1189,1809"/>
                <Baseline points="1197,1851 1241,1851 1286,1851 1331,1854 1376,1854 1421,1854 1465,1857 1510,1854 1555,1857 1600,1857 1645,1859 1689,1859 1734,1859 1779,1859 1824,1862 1859,1862"/>
                <TextEquiv>
                    <Unicode>Von der unsterblichen Freundin,</Unicode>
                </TextEquiv>
            </TextLine>
            <TextLine id="r_11_tl_34" custom="readingOrder {index:33;}">
                <Coords points="1190,1907 1650,1927 1791,1912 1791,1871 1725,1861 1660,1882 1633,1866 1578,1882 1543,1863 1441,1877 1422,1861 1347,1884 1282,1860 1190,1865"/>
                <Baseline points="1197,1898 1241,1898 1286,1898 1331,1898 1376,1898 1421,1901 1465,1901 1510,1904 1555,1904 1600,1904 1645,1904 1689,1904 1734,1904 1779,1907 1794,1907"/>
                <TextEquiv>
                    <Unicode>Die in mir denkt und fühlt.</Unicode>
                </TextEquiv>
            </TextLine>
            <TextLine id="r_11_tl_35" custom="readingOrder {index:34;}">
                <Coords points="1188,1947 1558,1957 1635,1986 1694,1962 1859,1969 1858,1911 1495,1910 1457,1930 1418,1909 1188,1910"/>
                <Baseline points="1194,1943 1238,1946 1283,1946 1328,1946 1373,1943 1418,1946 1462,1946 1507,1949 1552,1949 1597,1952 1642,1952 1686,1955 1731,1955 1776,1955 1821,1958 1862,1955"/>
                <TextEquiv>
                    <Unicode>Sie sitzt im schönsten Erstaunen,</Unicode>
                </TextEquiv>
            </TextLine>
            <TextLine id="r_11_tl_36" custom="readingOrder {index:35;}">
                <Coords points="1193,2012 1793,2005 1904,2028 1902,1975 1863,1955 1838,1976 1708,1965 1639,1985 1465,1951 1191,1964"/>
                <Baseline points="1200,1997 1244,1994 1289,1991 1334,1994 1379,1991 1424,1994 1468,1994 1513,1994 1558,1994 1603,1997 1648,2000 1692,2003 1737,2003 1782,2003 1827,2006 1871,2006 1904,2006"/>
                <TextEquiv>
                    <Unicode>Und denkt nicht Ehre, nicht Gold.</Unicode>
                </TextEquiv>
            </TextLine>
            <TextLine id="r_11_tl_37" custom="readingOrder {index:36;}">
                <Coords points="1190,2062 1371,2042 1397,2061 1534,2043 1845,2056 1845,2018 1769,2006 1667,2003 1613,2025 1537,1998 1466,2022 1410,1997 1360,2016 1302,1998 1271,2020 1190,2015"/>
                <Baseline points="1197,2051 1221,2045 1265,2045 1310,2042 1355,2039 1400,2039 1444,2039 1489,2039 1534,2039 1579,2042 1624,2045 1668,2048 1713,2045 1758,2048 1803,2051 1848,2048"/>
                <TextEquiv>
                    <Unicode>Freund! ihre Götter auf Erden,</Unicode>
                </TextEquiv>
            </TextLine>
            <TextLine id="r_11_tl_38" custom="readingOrder {index:37;}">
                <Coords points="1190,2110 1340,2115 1483,2090 1594,2108 1627,2088 1673,2107 1829,2106 1848,2101 1848,2055 1738,2068 1707,2048 1674,2065 1604,2042 1532,2066 1480,2050 1390,2072 1357,2050 1319,2068 1190,2062"/>
                <Baseline points="1197,2083 1238,2092 1283,2092 1328,2089 1373,2089 1418,2086 1462,2083 1507,2083 1552,2086 1597,2086 1642,2089 1686,2089 1731,2089 1776,2092 1821,2095 1851,2095"/>
                <TextEquiv>
                    <Unicode>Denkt sie und denket auch dich!</Unicode>
                </TextEquiv>
            </TextLine>
            <TextLine id="r_11_tl_39" custom="readingOrder {index:38;}">
                <Coords points="1181,2147 1422,2142 1457,2163 1491,2139 1640,2152 1672,2133 1778,2176 1880,2171 1879,2096 1592,2110 1487,2087 1415,2110 1181,2112"/>
                <Baseline points="1188,2125 1230,2137 1274,2140 1319,2140 1364,2137 1409,2131 1453,2134 1498,2131 1543,2131 1588,2131 1633,2134 1677,2131 1722,2137 1767,2137 1812,2137 1857,2137 1883,2137"/>
                <TextEquiv>
                    <Unicode>Da wo die Musen und Weisheit</Unicode>
                </TextEquiv>
            </TextLine>
            <TextLine id="r_11_tl_40" custom="readingOrder {index:39;}">
                <Coords points="1178,2194 1277,2216 1380,2188 1403,2208 1440,2187 1657,2211 1750,2194 1750,2146 1490,2141 1457,2164 1417,2138 1178,2149"/>
                <Baseline points="1185,2188 1230,2188 1274,2188 1319,2185 1364,2182 1409,2185 1453,2182 1498,2182 1543,2182 1588,2182 1633,2182 1677,2185 1722,2185 1752,2188"/>
                <TextEquiv>
                    <Unicode>Dir lächeln, stelle sie hin,</Unicode>
                </TextEquiv>
            </TextLine>
            <TextLine id="r_11_tl_41" custom="readingOrder {index:40;}">
                <Coords points="1175,2248 1269,2262 1392,2239 1453,2263 1508,2234 1697,2262 1806,2248 1875,2278 1874,2183 1811,2174 1722,2208 1440,2188 1403,2209 1175,2208"/>
                <Baseline points="1182,2239 1227,2236 1271,2236 1316,2236 1361,2233 1406,2230 1450,2233 1495,2230 1540,2233 1585,2236 1630,2236 1674,2236 1719,2239 1764,2239 1809,2242 1854,2239 1877,2242"/>
                <TextEquiv>
                    <Unicode>Und nenn einst deiner Geliebten,</Unicode>
                </TextEquiv>
            </TextLine>
            <TextLine id="r_11_tl_42" custom="readingOrder {index:41;}">
                <Coords points="1176,2303 1309,2308 1357,2287 1381,2305 1442,2287 1849,2300 1848,2254 1801,2249 1644,2269 1516,2238 1453,2264 1393,2239 1175,2258"/>
                <Baseline points="1182,2286 1227,2283 1271,2280 1316,2280 1361,2277 1406,2277 1450,2280 1495,2280 1540,2286 1585,2286 1630,2286 1674,2286 1719,2289 1764,2292 1809,2292 1851,2292"/>
                <TextEquiv>
                    <Unicode>Die auf der Schulter dir liegt,</Unicode>
                </TextEquiv>
            </TextLine>
            <TextLine id="r_11_tl_43" custom="readingOrder {index:42;}">
                <Coords points="1178,2348 1899,2354 1877,2284 1818,2312 1634,2293 1485,2318 1417,2288 1382,2307 1350,2289 1178,2302"/>
                <Baseline points="1185,2334 1230,2334 1274,2331 1319,2328 1364,2325 1409,2328 1453,2331 1498,2334 1543,2337 1588,2340 1633,2340 1677,2340 1722,2340 1767,2343 1812,2343 1857,2343 1901,2340"/>
                <TextEquiv>
                    <Unicode>Nenn ihr den zaubernden Künstler</Unicode>
                </TextEquiv>
            </TextLine>
            <TextLine id="r_11_tl_44" custom="readingOrder {index:43;}">
                <Coords points="1178,2399 1397,2404 1465,2380 1634,2409 1909,2399 1896,2348 1176,2350"/>
                <Baseline points="1185,2382 1230,2382 1274,2379 1319,2379 1364,2376 1409,2376 1453,2376 1498,2385 1543,2382 1588,2388 1633,2388 1677,2391 1722,2394 1767,2394 1812,2391 1857,2394 1901,2391 1910,2391"/>
                <TextEquiv>
                    <Unicode>Und sprich: "Das singende Weib</Unicode>
                </TextEquiv>
            </TextLine>
            <TextLine id="r_11_tl_45" custom="readingOrder {index:44;}">
                <Coords points="1174,2433 1290,2453 1488,2435 1567,2458 1845,2459 1844,2411 1815,2398 1173,2399"/>
                <Baseline points="1179,2412 1224,2418 1268,2427 1313,2427 1358,2430 1403,2430 1447,2433 1492,2436 1537,2439 1582,2439 1627,2439 1671,2442 1716,2445 1761,2442 1806,2445 1848,2448"/>
                <TextEquiv>
                    <Unicode>„War arm an äußerer Reitzung</Unicode>
                </TextEquiv>
            </TextLine>
            <TextLine id="r_11_tl_46" custom="readingOrder {index:45;}">
                <Coords points="1173,2479 1391,2506 1425,2488 1793,2502 1775,2450 1514,2444 1426,2463 1385,2439 1292,2455 1171,2431"/>
                <Baseline points="1179,2460 1224,2469 1268,2477 1313,2477 1358,2480 1403,2483 1447,2486 1492,2486 1537,2486 1582,2489 1627,2489 1671,2486 1716,2492 1761,2492 1794,2492"/>
                <TextEquiv>
                    <Unicode>Und reich an süßem Gefühl.</Unicode>
                </TextEquiv>
            </TextLine>
            <TextLine id="r_11_tl_47" custom="readingOrder {index:46;}">
                <Coords points="1174,2529 1274,2554 1345,2537 1804,2554 1789,2501 1690,2497 1640,2517 1475,2493 1406,2511 1173,2484"/>
                <Baseline points="1179,2510 1224,2519 1268,2528 1313,2528 1358,2531 1403,2534 1447,2534 1492,2537 1537,2537 1582,2537 1627,2537 1671,2540 1716,2540 1761,2543 1806,2540"/>
                <TextEquiv>
                    <Unicode>„Mit zart geschaffenen Herzen</Unicode>
                </TextEquiv>
            </TextLine>
            <TextLine id="r_11_tl_48" custom="readingOrder {index:47;}">
                <Coords points="1176,2575 1301,2606 1746,2597 1902,2628 1899,2524 1705,2571 1644,2547 1174,2534"/>
                <Baseline points="1182,2558 1227,2570 1271,2579 1316,2579 1361,2582 1406,2582 1450,2585 1495,2588 1540,2591 1585,2591 1630,2591 1674,2594 1719,2594 1764,2594 1809,2594 1854,2594 1898,2597 1904,2597"/>
                <TextEquiv>
                    <Unicode>„Ward sie einst Sapho genannt;</Unicode>
                </TextEquiv>
            </TextLine>
            <TextLine id="r_11_tl_49" custom="readingOrder {index:48;}">
                <Coords points="1239,2652 1305,2640 1415,2656 1451,2636 1572,2661 1609,2642 1637,2663 1749,2658 1774,2647 1773,2609 1668,2596 1601,2625 1557,2596 1452,2610 1236,2592"/>
                <Baseline points="1244,2624 1289,2627 1334,2633 1379,2633 1424,2633 1468,2636 1513,2639 1558,2639 1603,2639 1648,2642 1692,2642 1737,2642 1776,2642"/>
                <TextEquiv>
                    <Unicode>ihr waren Musen gefällig</Unicode>
                </TextEquiv>
            </TextLine>
            <TextLine id="r_11_tl_50" custom="readingOrder {index:49;}">
                <Coords points="1175,2696 1818,2702 1848,2693 1848,2658 1725,2648 1684,2668 1617,2647 1456,2660 1320,2640 1249,2655 1174,2635"/>
                <Baseline points="1182,2660 1227,2675 1271,2681 1316,2681 1361,2683 1406,2683 1450,2686 1495,2689 1540,2689 1585,2689 1630,2689 1674,2689 1719,2689 1764,2689 1809,2689 1851,2683"/>
                <TextEquiv>
                    <Unicode>„Und sie war Freunden getreu.</Unicode>
                </TextEquiv>
            </TextLine>
            <TextLine id="r_11_tl_51" custom="readingOrder {index:50;}">
                <Coords points="1270,2728 1558,2731 1693,2767 2194,2735 2194,2688 2157,2681 1744,2707 1270,2692"/>
                <Baseline points="1277,2716 1322,2719 1367,2722 1412,2725 1456,2725 1501,2728 1546,2728 1591,2728 1636,2728 1680,2731 1725,2731 1770,2731 1815,2728 1859,2728 1904,2728 1949,2728 1994,2725 2039,2725 2083,2725 2128,2722 2173,2719 2197,2719"/>
                <TextEquiv>
                    <Unicode>An Palemon, als Herr Oeser das Bild der Dichterin ent=</Unicode>
                </TextEquiv>
            </TextLine>
            <TextLine id="r_11_tl_52" custom="readingOrder {index:51;}">
                <Coords points="1164,2763 1261,2782 1380,2759 1412,2777 1440,2764 1618,2771 1617,2738 1558,2730 1481,2743 1408,2728 1269,2730 1238,2712 1181,2728 1161,2718"/>
                <Baseline points="1170,2749 1215,2752 1259,2755 1304,2758 1349,2758 1394,2761 1439,2764 1483,2764 1528,2764 1573,2764 1618,2764 1621,2764"/>
                <TextEquiv>
                    <Unicode>worfen hatte S. 228=230.</Unicode>
                </TextEquiv>
            </TextLine>
            <TextEquiv>
                <Unicode></Unicode>
            </TextEquiv>
        </TextRegion>
    </Page>
</PcGts>
