2479 3508
209 327 259 387 ten
298 327 645 387 Schönemanns
677 324 708 384 zu
747 324 917 384 Gesichte.
975 325 1063 385 Man
1108 324 1189 384 weiß
1215 323 1240 383 in

214 377 371 437 Berlin,
401 375 460 435 daß
495 376 600 436 diesen
630 374 823 434 Prediger,
853 377 923 437 nach
964 376 1058 436 einem
1105 374 1251 434 heftigen

222 428 354 488 hitzigen
384 425 528 485 Fieber,
552 425 610 485 von
651 425 726 485 Zeit
750 428 778 488 zu
813 427 888 487 Zeit
924 427 993 487 eine
1017 425 1080 485 Art
1098 425 1155 485 von
1185 422 1259 482 Ra¬

226 476 308 536 serey
337 476 551 536 angetreten,
580 475 607 535 in
640 477 772 537 welcher
801 476 833 536 er
867 477 988 537 immer
1021 476 1048 536 in
1088 473 1258 533 Reimen,

228 527 320 587 selbst
339 527 393 587 auf
419 525 467 585 der
487 526 621 586 Canzel,
641 527 850 587 gesprochen.
900 527 1103 587 Ungeachtet
1116 524 1165 584 die
1184 521 1257 581 mei=
1301 521 1355 581 den
1387 520 1559 580 Gesängen
1597 522 1652 582 der
1683 525 1769 585 Frau
1800 533 1985 593 Unzerin
2023 533 2053 593 zu
2090 531 2256 591 Gesichte,
2281 530 2330 590 die

227 578 287 638 sten
321 575 425 635 Verse
459 575 557 635 dieses
586 576 746 636 seltsamen
785 578 945 638 Mannes
979 576 1072 636 mehr
1106 575 1161 635 das
1189 571 1260 631 Ge¬

220 627 323 687 pråge
350 626 433 686 einer
459 627 703 687 angebrannten
740 628 927 688 Phantasie
949 628 1089 688 trugen,
1115 627 1161 687 als
1193 624 1250 684 von

219 674 269 734 dem
314 676 533 736 himmlischen
573 678 673 738 Feuer
702 676 752 736 der
780 676 903 736 Musen
932 676 1100 736 zeugten,
1129 676 1151 736 so
1179 675 1251 735 fand

224 727 294 787 doch
327 727 441 787 unsere
469 727 637 787 Dichterin
676 727 702 787 in
736 724 866 784 denen,
893 727 942 787 die
970 727 1007 787 sie
1035 727 1062 787 zu
1095 727 1181 787 sehen
1209 723 1263 783 be¬

226 778 393 838 kommen,
410 775 529 835 etwas,
546 775 600 835 das
623 773 774 833 gleichsam
813 775 861 835 der
878 775 1106 835 magnetischen
1134 774 1231 834 Kraft

219 824 313 884 ihres
352 825 486 885 Genies
520 824 575 884 zur
609 823 782 883 Nahrung
821 825 949 885 diente.
1000 827 1100 887 Nach
1129 826 1251 886 einigen

235 873 393 933 Proben,
418 873 470 933 die
494 873 529 933 sie
553 873 576 933 in
606 873 658 933 der
683 873 800 933 Poesie
830 875 977 935 gemacht
1007 877 1118 937 hatte,
1142 876 1253 936 wurde

229 926 267 986 sie
296 923 356 983 von
385 921 624 981 verschiedenen
658 927 853 987 Bekahnten
893 927 920 987 zu
959 925 1199 985 Fraustadt
1227 924 1254 984 in

235 973 388 1033 Pohlen,
419 973 466 1033 dem
514 975 720 1035 damahligen
751 977 822 1037 Ort
840 975 929 1035 ihres
959 978 1195 1038 Aufenthalts,
1220 974 1272 1034 er¬

227 1025 377 1085 muntert
396 1025 646 1085 fortzufahren.
693 1025 746 1085 In
781 1025 868 1085 einem
909 1025 979 1085 sehr
1003 1026 1113 1086 kurzen
1137 1026 1264 1086 Aufsatz

229 1074 290 1134 von
324 1073 412 1133 ihren
451 1076 767 1136 Lebensumständen
812 1076 956 1136 gedenkt
984 1076 1023 1136 sie
1051 1074 1106 1134 des
1134 1075 1256 1135 Rector

227 1124 426 1184 Rickerts
466 1126 534 1186 und
575 1124 677 1184 seines
724 1125 877 1185 Collegen
918 1124 1157 1184 Prüvers,
1204 1124 1260 1184 des

224 1175 524 1235 Bürgermeisters
574 1174 973 1234 Greifenhagen,
1022 1174 1076 1234 des
1127 1170 1262 1230 Doctor

231 1222 562 1282 Neugebauers
598 1219 624 1279 in
666 1219 857 1279 Fraustadt,
884 1222 935 1282 der
956 1219 1126 1279 Prediger
1153 1217 1183 1277 an
1215 1215 1261 1275 der

230 1273 348 1333 Kirche
373 1273 402 1333 zu
433 1270 534 1330 Lißa
570 1270 593 1330 in
629 1268 891 1328 Großpohlen,
927 1270 981 1330 des
1017 1267 1260 1327 Reichsgrafen

225 1321 284 1381 von
321 1324 499 1384 Röders
542 1322 607 1382 und
649 1322 703 1382 des
745 1323 978 1383 Hofprediger
1014 1318 1193 1378 Döbels
1229 1318 1258 1378 in

230 1372 514 1432 Groß=Glogau,
543 1375 594 1435 als
623 1372 674 1432 der
709 1375 805 1435 ersten
839 1373 1044 1433 Beförderer
1080 1372 1142 1432 und
1171 1372 1272 1432 Gön¬

235 1422 296 1482 ner
325 1422 415 1482 ihrer
449 1422 624 1482 poetischen
658 1422 838 1482 Pebeiten.
884 1425 991 1485 Diese
1025 1425 1165 1485 Namen
1206 1422 1267 1482 hat

232 1471 292 1531 auf
315 1473 576 1533 ausdrücklichen
605 1473 732 1533 Befehl
749 1473 881 1533 unserer
904 1474 1076 1534 Dichterin
1110 1473 1160 1533 der
1182 1473 1271 1533 Her¬

235 1524 404 1584 ausgeber
433 1524 522 1584 ihrer
557 1524 771 1584 Sammlung
800 1524 963 1584 anführen
1003 1522 1143 1582 müßen.
1184 1521 1262 1581 Aus

234 1573 307 1633 eben
360 1573 461 1633 diesem
519 1572 884 1632 Bewegungsgrunde
922 1569 974 1629 der
1033 1566 1271 1626 Dankbarkeit

232 1620 313 1680 wird
346 1622 421 1682 noch
460 1619 639 1679 gemeldet,
661 1616 715 1676 daß
754 1616 808 1676 der
836 1613 1053 1673 Postmeister
1092 1613 1265 1673 Körber

232 1671 258 1731 in
291 1667 460 1727 Großlißa
487 1667 541 1727 der
569 1664 645 1724 erste
667 1664 835 1724 gewesen,
863 1664 916 1724 der
950 1664 1053 1724 etwas
1086 1664 1146 1724 von
1179 1661 1270 1721 ihrer

233 1718 336 1778 Feder
366 1720 417 1780 der
447 1718 562 1778 Preße
592 1718 800 1778 übergeben,
830 1718 893 1778 und
929 1718 980 1778 daß
1010 1718 1061 1778 der
1091 1715 1264 1775 berühmte

242 1769 409 1829 Profeßor
440 1772 596 1832 Meyer
627 1772 656 1832 in
687 1772 819 1832 Halle,
844 1769 897 1829 den
934 1771 970 1831 sie
994 1772 1084 1832 durch
1115 1769 1174 1829 das
1199 1766 1271 1826 Ge¬

230 1821 337 1881 rüchte
367 1821 480 1881 kannte
504 1820 560 1880 und
589 1821 634 1881 ihm
680 1819 777 1879 daher
806 1819 862 1879 aus
886 1819 1016 1879 Pohlen
1046 1819 1090 1879 ein
1120 1819 1187 1879 Lied
1217 1817 1245 1877 zu

235 1873 386 1933 schickte,
410 1871 467 1931 das
502 1870 612 1930 meiste
636 1870 851 1930 beygetragen
881 1867 962 1927 hat,
992 1867 1026 1927 sie
1050 1867 1107 1927 zur
1132 1867 1259 1927 Fortsez

228 1922 313 1982 zung
340 1919 457 1979 solcher
474 1918 628 1978 Arbeiten
655 1914 937 1974 aufzumuntern.
991 1912 1097 1972 Diese
1119 1912 1177 1972 nur
1194 1915 1262 1975 noch

233 1968 336 2028 kleine
357 1966 487 2026 Funken
519 1966 570 2026 des
597 1963 668 2023 halb
695 1960 939 2020 unterdrückten
970 1962 1110 2022 Feuers,
1132 1960 1266 2020 welches

232 2018 287 2078 die
315 2017 436 2077 Musen
476 2014 503 2074 in
537 2011 591 2071 ihr
631 2013 841 2073 angezündet
864 2014 1002 2074 hatten,
1025 2011 1140 2071 wurde
1174 2011 1262 2071 durch

433 2047 471 2107 cs

589 2067 848 2127 EHSin
873 2064 953 2124 volle
960 2064 1127 2124 Flammen
1152 2061 1275 2121 gesetzt.

231 2067 281 2127 die
301 2064 414 2124 Siege
434 2069 559 2129 Frr32

241 2121 312 2181 Sie
342 2118 412 2178 war
437 2118 466 2178 im
508 2118 602 2178 Jahr
638 2118 726 2178 1755
757 2117 821 2177 mit
839 2115 928 2175 ihrem
970 2116 1082 2176 Mann
1112 2111 1170 2171 und
1201 2109 1265 2169 vie=

232 2169 386 2229 Kindern
425 2166 502 2226 nach
536 2166 757 2226 Großglogau
796 2166 961 2226 gezogen,
989 2168 1049 2228 und
1083 2163 1176 2223 bekam
1221 2160 1270 2220 da¬

234 2218 326 2278 selbst
353 2217 407 2277 den
440 2214 570 2274 Zutritt
598 2214 624 2274 zu
663 2213 749 2273 einem
799 2211 1026 2271 Buchladen,
1054 2215 1097 2275 wo
1130 2213 1173 2273 sie
1201 2211 1271 2271 ver¬

242 2264 400 2324 schiedene
429 2261 587 2321 poetische
616 2261 678 2321 und
713 2259 831 2319 andere
854 2261 1024 2321 Schriften
1058 2266 1120 2326 mit
1149 2263 1267 2323 gröster

240 2312 431 2372 Begierde,
460 2311 595 2371 wiewol
612 2312 696 2372 ohne
720 2310 883 2370 Ordnung
912 2313 973 2373 und
997 2315 1182 2375 bestimmte
1205 2312 1272 2372 Ab¬

244 2364 315 2424 sicht
334 2363 508 2423 durchlas.
557 2362 635 2422 Wie
660 2363 804 2423 glücklich
829 2360 865 2420 sie
890 2362 937 2422 sich
968 2365 1033 2425 eine
1058 2366 1125 2426 sehr
1155 2364 1275 2424 schnel¬

241 2416 274 2476 le
304 2414 534 2474 Durchlesung
569 2413 621 2473 der
662 2414 794 2474 Bücher
835 2411 868 2471 zu
909 2413 1002 2473 Nutz
1025 2417 1157 2477 mache,
1198 2414 1261 2474 und

242 2463 303 2523 wie
328 2463 420 2523 leicht
439 2461 476 2521 sie
501 2461 550 2521 die
569 2463 667 2523 besten
692 2463 778 2523 Züge
804 2458 945 2518 behalte,
970 2466 1074 2526 zeiget
1100 2464 1148 2524 sich
1174 2464 1272 2524 über¬

235 2515 280 2575 all
309 2515 337 2575 in
372 2514 463 2574 ihren
498 2514 698 2574 Gedichten.
750 2511 841 2571 Man
876 2510 990 2570 würde
1019 2514 1076 2574 von
1117 2515 1168 2575 ihr
1197 2515 1265 2575 eine

240 2564 381 2624 ziemlich
416 2563 518 2623 starke
553 2560 775 2620 Belesenheit
798 2559 1031 2619 vermuthen,
1071 2563 1162 2623 wenn
1191 2563 1258 2623 man

246 2616 334 2676 nicht
364 2611 488 2671 wüste,
525 2611 583 2671 daß
619 2611 660 2671 sie
685 2611 749 2671 nur
779 2608 909 2668 wenige
939 2613 1069 2673 Bücher
1105 2614 1164 2674 und
1200 2614 1264 2674 sehr

238 2666 375 2726 flüchtig
408 2661 527 2721 gelesen
565 2660 672 2720 hätte.
723 2656 799 2716 Der
831 2655 862 2715 im
900 2658 1032 2718 vorigen
1064 2664 1158 2724 Jahr
1178 2663 1271 2723 geen¬

241 2718 335 2778 digte
353 2709 595 2769 merkwürdige
620 2710 719 2770 Krieg
743 2706 802 2766 und
833 2706 879 2766 die
903 2706 1021 2766 großen
1058 2712 1181 2772 Thaten
1211 2715 1257 2775 des

248 2767 436 2827 Helden,
463 2763 521 2823 der
548 2760 599 2820 die
626 2760 736 2820 Augen
770 2758 821 2818 der
848 2754 965 2814 ganzen
998 2757 1095 2817 Welt
1122 2763 1180 2823 auf
1207 2763 1258 2823 sich

235 2820 372 2880 gezogen
402 2816 479 2876 hat,
509 2808 706 2868 vollendeten
742 2808 795 2868 die
820 2805 1034 2865 Ausbildung
1070 2808 1123 2868 des
1154 2811 1272 2871 dichte¬

234 2870 354 2930 rischen
380 2866 513 2926 Geistes
539 2861 563 2921 in
596 2858 690 2918 dieser
716 2858 1039 2918 außerordentlichen
1072 2861 1172 2921 Frau.
1198 2861 1267 2921 Sie

403 2911 496 2971 Sehet
516 2909 560 2969 das
586 2904 718 2964 Gespräch
743 2903 782 2963 des
807 2903 925 2963 Platons
950 2903 1004 2963 Jon
1030 2901 1162 2961 genannt.

1293 323 1381 383 hatte
1414 322 1484 382 nach
1529 324 1580 384 der
1612 329 1779 389 Schlacht
1811 329 1868 389 bey
1907 327 2105 387 Lowoschütz
2138 330 2188 390 ihr
2221 333 2323 393 erstes

1292 372 1496 432 Siegeslied
1519 373 1705 433 gesungen,
1729 380 1790 440 und
1820 380 1904 440 nicht
1927 380 2017 440 lange
2046 380 2176 440 hernach
2211 383 2317 443 kamen

1288 422 1341 482 ihr
1389 420 1441 480 die
1495 426 1849 486 Kriegeslieder
1897 431 1973 491 des
2015 431 2316 491 Preußischen

1290 470 1613 530 Grenadiers,
1636 475 1744 535 einige
1773 480 1863 540 Oden
1903 482 1959 542 von
2000 482 2203 542 Ramler,
2238 482 2328 542 nebst

1298 572 1385 632 einen
1414 572 1596 632 mächtigen
1624 572 1718 632 Reitz
1740 577 1795 637 auf
1818 580 1856 640 sie
1879 581 2011 641 hatten.
2061 583 2133 643 Die
2155 582 2265 642 Lieder
2294 578 2315 638 in

1294 622 1395 682 denen
1432 623 1468 683 sie
1499 622 1637 682 hernach
1674 625 2017 685 FRJEDRICHS
2072 633 2186 693 Siege
2217 631 2331 691 besun¬

1295 676 1383 736 gen,
1411 673 1471 733 sind
1499 673 1620 733 Zeugen
1655 673 1742 733 eines
1765 673 1820 733 zur
1848 676 1946 736 Reife
1969 682 2196 742 gekommenen
2224 682 2328 742 Dich¬

1293 721 1487 781 tergeistes.
1542 721 1700 781 Indeßen
1725 721 1801 781 lebte
1826 721 1866 781 sie
1879 724 1996 784 immer
2020 730 2109 790 unter
2133 733 2180 793 dem
2216 732 2327 792 Druck

1293 773 1352 833 des
1382 775 1506 835 grösten
1543 772 1720 832 Elendes;
1751 772 1822 832 aber
1852 774 1887 834 es
1923 774 2018 834 gefiel
2048 778 2095 838 der
2131 783 2326 843 Vorsehung

1299 822 1340 882 sie
1364 825 1487 885 endlich
1524 822 1588 882 aus
1619 822 1671 882 den
1714 819 2062 879 beklagenswürdigen
2098 830 2299 890 Umständen

1293 873 1396 933 unter
1431 876 1529 936 denen
1571 874 1715 934 gemeine
1744 873 1871 933 Seelen
1912 870 1946 930 zu
1987 870 2149 930 versinken
2185 882 2328 942 pflegen,

1299 921 1604 981 herauszureißen.
1658 925 1732 985 Der
1756 922 1877 982 Baron
1906 921 1957 981 von
1999 921 2218 981 Kottwitz,
2248 932 2333 992 Erb¬

1301 970 1373 1030 herr
1410 972 1469 1032 auf
1488 975 1652 1035 Boyadel
1671 975 1700 1035 in
1732 972 2035 1032 Niederschlesien,
2066 972 2114 1032 kam
2164 972 2194 1032 im
2237 981 2327 1041 Jahr

1300 1019 1424 1079 1760,
1442 1020 1493 1080 als
1522 1022 1549 1082 er
1573 1022 1646 1082 eben
1681 1025 1771 1085 durch
1800 1022 1930 1082 Glogau
1970 1022 2038 1082 nach
2073 1020 2197 1080 Berlin
2232 1026 2321 1086 reisen

1293 1067 1423 1127 wollte,
1454 1068 1476 1128 in
1507 1071 1577 1131 ihre
1602 1073 1880 1133 Bekanntschaft,
1904 1073 1969 1133 und
1993 1070 2105 1130 führte
2130 1070 2165 1130 sie
2189 1071 2248 1131 mit
2272 1076 2325 1136 sich

1299 1118 1373 1178 nach
1409 1116 1507 1176 dieser
1542 1121 1774 1181 Hauptstadt,
1798 1124 1843 1184 wo
1879 1124 1930 1184 sich
1971 1122 2029 1182 ihr
2053 1121 2163 1181 Genie
2192 1121 2261 1181 bald
2296 1123 2325 1183 in

1305 1166 1408 1226 voller
1432 1166 1564 1226 Stärke
1582 1170 1616 1230 zu
1647 1172 1750 1232 zeigen
1780 1172 1930 1232 anfieng.
1959 1169 1970 1229 —
2035 1170 2139 1230 Wenn
2168 1171 2208 1231 sie
2226 1172 2249 1232 in
2273 1172 2335 1232 Ge¬

1302 1213 1481 1273 sellschaft,
1508 1216 1582 1276 oder
1614 1216 1640 1276 in
1678 1219 1841 1279 einsamen
1874 1219 2032 1279 Stunden
2070 1222 2127 1282 von
2160 1222 2270 1282 irgend
2297 1222 2339 1282 ei¬

1304 1262 1360 1322 nem
1406 1265 1616 1325 Gegenstand
1645 1267 1786 1327 gerührt
1804 1267 1905 1327 wird,
1929 1270 1956 1330 so
1985 1270 2093 1330 erhitzt
2116 1270 2166 1330 sich
2189 1273 2325 1333 plötzlich

1306 1315 1357 1375 ihr
1381 1314 1502 1374 Geist,
1525 1318 1595 1378 jede
1630 1320 1826 1380 Triebfeder
1856 1320 1907 1380 der
1931 1321 2034 1381 Seele
2058 1321 2139 1381 wird
2169 1321 2266 1381 rege,
2296 1321 2330 1381 sie

1300 1369 1404 1429 besitzt
1424 1369 1473 1429 sich
1505 1370 1591 1430 nicht
1610 1372 1728 1432 mehr,
1753 1373 1796 1433 sie
1828 1373 1913 1433 fühlt
1940 1375 2026 1435 einen
2057 1375 2336 1435 unwiederstehli¬

1296 1419 1370 1479 chen
1405 1419 1498 1479 Trieb
1527 1420 1585 1480 zum
1626 1422 1788 1482 Dichten,
1812 1422 1874 1482 und
1905 1425 2037 1485 schreibt
2067 1426 2118 1486 das
2148 1427 2240 1487 Lied,
2264 1425 2338 1485 wel¬

1303 1470 1372 1530 ches
1405 1470 1453 1530 ihr
1487 1471 1535 1531 die
1563 1473 1665 1533 Muse
1698 1476 1866 1536 eingiebt,
1893 1476 1957 1536 mit
1980 1479 2337 1539 bewundernswürdi¬

1298 1519 1358 1579 ger
1381 1518 1702 1578 Geschwindigkeit.
1752 1526 1868 1586 Gleich
1908 1527 1996 1587 einer
2019 1527 2112 1587 Uhr,
2146 1529 2256 1589 sobald
2284 1527 2334 1587 die

1302 1563 1409 1623 Feder
1430 1566 1595 1626 gespannt
1611 1569 1667 1629 ist,
1693 1569 1775 1629 singt
1797 1572 1847 1632 sie,
1874 1572 1925 1632 sich
1952 1573 2043 1633 selbst
2065 1575 2255 1635 unbewust,
2276 1578 2332 1638 wie

1296 1608 1345 1668 die
1376 1610 1553 1670 Gedanken
1583 1612 1642 1672 und
1672 1613 1795 1673 Bilder
1821 1615 1846 1675 in
1876 1616 1925 1676 ihr
1950 1619 2133 1679 entstehen,
2163 1622 2266 1682 sobald
2287 1625 2335 1685 die

1311 1655 1418 1715 Seele
1440 1661 1527 1721 durch
1560 1663 1608 1723 die
1635 1661 1711 1721 erste
1733 1662 1944 1722 Vorstellung
1971 1663 1998 1723 in
2032 1668 2269 1728 Wirksamkeit
2291 1670 2339 1730 ge¬

1298 1712 1409 1772 bracht
1432 1713 1582 1773 worden.
1633 1715 1711 1775 Hat
1734 1715 1772 1775 sie
1806 1717 1856 1777 den
1895 1715 1996 1775 Ton,
2024 1717 2085 1777 wie
2113 1716 2152 1776 sie
2181 1718 2213 1778 es
2242 1718 2336 1778 selbst

1305 1766 1429 1826 nennt,
1452 1768 1514 1828 und
1538 1769 1594 1829 das
1623 1769 1854 1829 Silbenmaaß
1883 1769 2064 1829 getroffen,
2087 1769 2115 1829 so
2144 1769 2257 1829 fließet
2274 1772 2330 1832 das

1299 1815 1366 1875 Lied
1395 1817 1480 1877 ohne
1504 1819 1594 1879 Müh
1623 1818 1685 1878 und
1721 1819 1805 1879 ohne
1829 1819 2039 1879 Bestrebung
2074 1819 2119 1879 die
2149 1822 2324 1882 Gedanken

1298 1864 1362 1924 und
1390 1864 1515 1924 Bilder
1537 1867 1569 1927 zu
1592 1867 1716 1927 finden.
1744 1870 1819 1930 Die
1842 1869 1950 1929 feinste
1972 1867 2151 1927 Wendung
2179 1870 2227 1930 der
2255 1873 2336 1933 Ma¬

1302 1912 1381 1972 terie
1403 1915 1466 1975 und
1493 1917 1545 1977 des
1573 1918 1763 1978 Ausdrucks
1790 1921 1928 1981 entstehn
1960 1919 2050 1979 unter
2077 1918 2124 1978 der
2152 1920 2267 1980 Feder,
2284 1918 2331 1978 als

1302 1963 1399 2023 wenn
1421 1966 1458 2026 sie
1475 1966 1523 2026 ihr
1540 1966 1728 2026 eingegeben
1761 1969 1912 2029 würden.
1929 1970 1966 2030 --
1989 1969 2037 2029 In
2070 1969 2123 2029 der
2140 1969 2252 2029 Stadt
2269 1969 2328 2029 und

1298 2011 1330 2071 am
1374 2017 1467 2077 Hofe
1489 2017 1702 2077 bewundert,
1724 2020 1833 2080 waren
1872 2020 1932 2080 alle
1954 2020 2090 2080 Kenner
2118 2020 2178 2080 und
2206 2018 2342 2078 Liebha¬

1297 2062 1350 2122 ber
1383 2064 1435 2124 der
1468 2064 1670 2124 Dichtkunst
1697 2067 1766 2127 ihre
1799 2069 1969 2129 Freunde.
2023 2071 2145 2131 Einige
2178 2070 2337 2130 darunter

1297 2115 1505 2175 wünschten,
1532 2112 1600 2172 eine
1628 2112 1750 2172 Person
1788 2115 1846 2175 von
1884 2118 1996 2178 solchen
2028 2123 2188 2183 Talenten
2215 2123 2342 2183 wenig¬

1300 2161 1381 2221 stens
1417 2163 1468 2223 der
1493 2163 1656 2223 äußersten
1686 2161 1901 2221 Dürftigkeit
1925 2165 1953 2225 zu
1989 2169 2176 2229 entziehen,
2205 2173 2269 2233 und
2293 2172 2344 2232 be¬

1302 2214 1421 2274 sorgten
1467 2211 1495 2271 in
1536 2211 1637 2271 dieser
1678 2214 1917 2274 wohlthätigen
1957 2214 2082 2274 Absicht
2117 2218 2185 2278 eine
2220 2220 2344 2280 Unter¬

1302 2264 1482 2324 schreibung
1514 2264 1540 2324 zu
1574 2264 1663 2324 einer
1690 2264 1924 2324 ausgesuchten
1962 2266 2025 2326 und
2053 2264 2111 2324 mit
2133 2264 2185 2324 dem
2229 2267 2329 2327 besten

1305 2314 1499 2374 Geschmack
1521 2312 1759 2372 ausgeführten
1793 2315 1953 2375 Ausgabe
1976 2315 2064 2375 ihrer
2098 2312 2242 2372 jüngsten
2276 2315 2342 2375 Lie¬

1302 2361 1376 2421 der.
1408 2360 1514 2420 Diese
1536 2360 1694 2420 Ausgabe
1716 2363 1774 2423 zum
1811 2366 1981 2426 Andenken
2003 2363 2050 2423 der
2072 2363 2331 2423 Subscribenten

1298 2414 1536 2474 unterscheidet
1553 2411 1595 2471 sich
1623 2409 1671 2469 von
1699 2414 1747 2474 der
1770 2417 2003 2477 allgemeinen,
2014 2414 2111 2474 außer
2134 2414 2187 2474 der
2204 2417 2339 2477 Schoͤn¬

1305 2465 1373 2525 heit
1385 2463 1435 2523 des
1458 2458 1604 2518 Papiers
1633 2461 1689 2521 und
1718 2462 1768 2522 den
1797 2467 1983 2527 Zierrathen
2018 2463 2062 2523 des
2085 2464 2237 2524 Drucks,
2261 2467 2339 2527 vor=

1304 2515 1439 2575 nemlich
1469 2509 1558 2569 durch
1582 2509 1632 2569 den
1662 2515 1854 2575 Kupferstich
1883 2516 1933 2576 der
1962 2512 2240 2572 Schriftstellerin
2269 2518 2324 2578 von

1298 2564 1354 2624 dem
1395 2557 1582 2617 berühmten
1616 2564 1843 2624 Schmidt.
1866 2568 1916 2628 In
1945 2566 2001 2626 der
2019 2565 2189 2625 Wahlder
2201 2569 2324 2629 meisten

1303 2611 1432 2671 Stücke
1460 2608 1541 2668 wird
1574 2609 1628 2669 der
1661 2614 1780 2674 innere
1802 2616 1915 2676 Werth
1949 2614 2040 2674 durch
2079 2619 2236 2679 zufällige
2264 2619 2339 2679 Um¬

1300 2664 1415 2724 stände
1439 2659 1508 2719 noch
1538 2658 1630 2718 mehr
1654 2664 1787 2724 erhöht.
1834 2664 1944 2724 Diese
1973 2667 2188 2727 Sammlung
2218 2670 2338 2730 besteht

1303 2713 1362 2773 aus
1395 2712 1410 2772 4
1444 2707 1594 2767 Büchern
1633 2710 1752 2770 Oden,
1785 2715 1800 2775 2
1833 2715 1984 2775 Büchern
2028 2718 2233 2778 vermischter
2267 2715 2336 2775 Ge¬

1298 2765 1417 2825 dichte,
1450 2760 1509 2820 und
1537 2757 1623 2817 einem
1667 2765 1829 2825 Anhange
1857 2763 1910 2823 von
1938 2766 2111 2826 poetischen
2144 2766 2334 2826 Einfällen.

1299 2814 1415 2874 Kostet
1439 2811 1461 2871 in
1491 2808 1543 2868 der
1567 2811 1776 2871 Kanterschen
1818 2817 2091 2877 Buchhandlung
2121 2821 2254 2881 allhier,
2272 2817 2330 2877 wie

1313 2867 1389 2927 auch
1411 2864 1438 2924 in
1467 2858 1585 2918 Elbing
1614 2862 1677 2922 und
1707 2869 1818 2929 Mitau
1847 2870 1860 2930 2
1889 2867 1923 2927 fl.
1945 2870 1979 2930 15
2001 2872 2057 2932 gr.
