2479 3508
173 1298 357 1358 Nachdem
403 1297 461 1357 wir
484 1299 594 1359 jüngst
618 1297 676 1357 von
707 1297 758 1357 den
796 1299 973 1359 Gedichten
1003 1300 1047 1360 der
1078 1300 1166 1360 Frau
1212 1297 1367 1357 Theurer
1397 1294 1530 1354 Greis,
1560 1294 1663 1354 belebe
1694 1294 1789 1354 deine
1812 1297 1952 1357 Glieder

160 1342 500 1402 DKarschin,
525 1339 577 1399 den
616 1339 745 1399 Inhalt
774 1339 827 1399 der
861 1342 980 1402 ganzen
1019 1342 1168 1402 Vorrede
1211 1336 1283 1396 Und
1317 1336 1369 1396 ihr
1398 1336 1514 1396 Lippen
1548 1336 1638 1396 redet
1668 1336 1792 1396 einmal
1816 1339 1950 1399 wieder,

169 1387 312 1447 beynahe
335 1384 495 1444 erschöpft,
507 1384 612 1444 wollen
646 1381 706 1441 wir
724 1381 789 1441 eben
812 1384 973 1444 denselben
1001 1384 1095 1444 heute
1106 1384 1167 1444 mit
1212 1378 1284 1438 Die
1312 1378 1367 1438 ihr
1395 1378 1455 1438 mir
1489 1378 1538 1438 der
1572 1378 1689 1438 Lehren
1722 1383 1833 1443 Honig
1866 1387 1971 1447 gabt!

172 1434 229 1494 den
266 1431 388 1491 eigenen
436 1426 546 1486 Tönen
584 1428 710 1488 unserer
743 1428 895 1488 Sapho
933 1431 1181 1491 wiederholen,

173 1478 233 1538 und
267 1476 317 1536 die
339 1476 601 1536 Bewunderung
635 1476 690 1536 des
719 1476 880 1536 deutschen
914 1481 1169 1541 Anakreons

170 1527 419 1587 rechtfertigen,
443 1525 565 1585 womit
589 1524 618 1584 er
648 1527 880 1587 nachdrücklich
916 1531 1090 1591 anmerkt,
1114 1531 1177 1591 wie

169 1577 253 1637 seine
272 1578 435 1638 Freundin
467 1578 545 1638 ohne
570 1578 722 1638 Vorsatz,
754 1578 832 1638 ohne
857 1584 966 1644 Kunst
985 1584 1045 1644 und
1070 1586 1185 1646 Unter¬

170 1630 268 1690 richt,
292 1630 345 1690 sich
369 1630 421 1690 zum
460 1631 559 1691 Ruhm
606 1631 650 1691 der
674 1631 796 1691 grösten
827 1634 964 1694 Dichter
988 1634 1163 1694 schwingen

169 1680 323 1740 können.

226 1733 325 1793 Mich
357 1730 426 1790 fand
458 1730 511 1790 der
543 1731 759 1791 himmlischen
791 1732 890 1792 Einer

168 1779 214 1839 Am
262 1781 355 1841 Tage
396 1781 518 1841 meiner
548 1778 688 1838 Geburt

179 1829 314 1889 Bedeckt
341 1828 405 1888 mit
438 1828 555 1888 Hüllen
595 1827 646 1887 der
673 1827 834 1887 Armuth.

170 1881 343 1941 Mitleidig
380 1877 427 1937 sah
464 1875 493 1935 er
524 1873 601 1933 mich
632 1873 667 1933 an

171 1930 237 1990 Und
271 1927 372 1987 sprach
406 1924 460 1984 zum
515 1918 615 1978 Vater
650 1918 703 1978 der
731 1921 939 1981 Menschen:

160 1975 248 2035 Herr
282 1975 365 2035 über
393 1969 493 2029 Leben
538 1966 598 2026 und
632 1964 765 2024 Glück!

170 2023 262 2083 Gieb
300 2020 381 2080 diese
420 2014 695 2074 niedriggeborne

176 2066 222 2126 Jn
258 2067 386 2127 meinen
422 2064 573 2124 leitenden
615 2067 754 2127 Schutz.

174 2115 245 2175 Sie
274 2115 351 2175 liegt
380 2112 407 2172 im
457 2114 612 2174 Schooße
647 2117 696 2177 des
730 2121 941 2181 Kummers;

172 2165 255 2225 Tief
279 2166 379 2226 decket
404 2166 628 2226 schmählicher
670 2166 782 2226 Staub

168 2214 241 2274 Die
271 2217 511 2277 ernstbefaltete
541 2217 689 2277 Stirne,

169 2266 243 2326 Von
281 2267 329 2327 dir
362 2270 415 2330 zum
464 2267 603 2327 Denken
636 2267 780 2327 gebaut!

168 2318 257 2378 Dein
294 2318 335 2378 sey
371 2320 436 2380 sie,
455 2318 544 2378 sagte
575 2318 628 2378 zum
676 2318 783 2378 Engel

167 2366 244 2426 Der
278 2367 355 2427 alles
389 2366 560 2426 schaffende
594 2363 699 2423 Gott.

170 2414 231 2474 Da
266 2417 352 2477 ward
386 2415 449 2475 mir
478 2414 546 2474 eine
581 2414 632 2474 der
661 2417 780 2477 Musen

177 2460 250 2520 Und
279 2466 357 2526 diese
386 2461 481 2521 Leyer
516 2461 690 2521 gebracht,

172 2510 243 2570 Auf
268 2510 321 2570 der
351 2512 392 2572 ich
423 2512 559 2572 festliche
596 2512 780 2572 Hymnen,

169 2557 248 2617 Des
278 2560 403 2620 Helden
438 2563 690 2623 Friedrichs
725 2563 804 2623 Lob,

174 2608 246 2668 Die
277 2608 441 2668 Tugend,
472 2611 593 2671 heilige
619 2611 856 2671 Freundschaft

177 2661 246 2721 Und
277 2654 381 2714 sanfte
412 2655 498 2715 Liebe
529 2657 692 2717 gespielt!

331 2694 367 2754 An
392 2694 518 2754 Palemon
547 2694 583 2754 S.
604 2694 661 2754 217.
678 2697 738 2757 218.

177 2745 316 2805 Kommt
335 2739 608 2799 heraufgestiegen
639 2741 693 2801 aus
718 2742 766 2802 dem
809 2746 930 2806 Sand=

181 2801 247 2861 Jhr
272 2790 448 2850 Gebeine,
485 2789 533 2849 die
564 2787 618 2847 ihr
649 2787 672 2847 in
710 2789 758 2849 dem
807 2794 916 2854 Lande

181 2849 321 2909 Meiner
354 2841 489 2901 Jugend
522 2841 598 2901 eure
625 2842 721 2902 Ruhe
754 2842 856 2902 habt!

596 1214 717 1274 12tes
756 1214 925 1274 Stück.
1001 1216 1228 1276 Montag,
1257 1216 1322 1276 den
1380 1217 1454 1277 12.
1484 1217 1624 1277 März.
1654 1219 1803 1279 1764.

1214 1425 1302 1485 Oder
1332 1425 1398 1485 du,
1437 1425 1493 1485 auf
1527 1426 1577 1486 des
1611 1428 1777 1488 Olympus
1818 1432 1911 1492 Höhe

1211 1475 1343 1535 Weißer
1374 1476 1568 1536 Schatten,
1600 1479 1708 1539 siehe!
1733 1479 1781 1539 wo
1813 1481 1855 1541 ich
1886 1482 1964 1542 gehe

1214 1527 1333 1587 Hinter
1372 1527 1523 1587 Rindern
1555 1529 1617 1589 auf
1643 1527 1694 1587 der
1726 1528 1839 1588 Weide
1871 1533 1971 1593 nicht.

1213 1578 1308 1638 Ewig
1344 1584 1468 1644 grünen
1504 1580 1581 1640 muß
1617 1581 1664 1641 die
1695 1578 1795 1638 breite
1819 1581 1919 1641 Linde

1217 1632 1280 1692 Wo
1313 1631 1352 1691 ich
1391 1634 1480 1694 gleich
1520 1631 1570 1691 des
1603 1631 1699 1691 besten
1738 1633 1860 1693 Vaters
1893 1634 2001 1694 Kinde

1214 1682 1355 1742 Zärtlich
1387 1684 1438 1744 dir
1471 1684 1508 1744 an
1548 1684 1649 1744 deinem
1695 1683 1797 1743 Halse
1823 1686 1944 1746 hieng,

1211 1730 1321 1790 Wenn
1355 1732 1419 1792 dich
1453 1733 1544 1793 müde
1577 1733 1636 1793 von
1669 1733 1721 1793 des
1761 1736 1865 1796 Tages
1898 1737 2029 1797 Länge,

1210 1778 1287 1838 Wie
1317 1783 1370 1843 den
1406 1781 1584 1841 Schnitter
1614 1781 1673 1841 von
1715 1783 1768 1843 der
1804 1784 1923 1844 Arbeit
1947 1789 2077 1849 Menge

1218 1825 1325 1885 Wenn
1359 1828 1421 1888 dich
1456 1831 1540 1891 matt
1576 1828 1626 1888 die
1655 1831 1853 1891 Rasenbank
1882 1834 2040 1894 empfieng

1214 1870 1318 1930 Wenn
1358 1875 1434 1935 mein
1474 1879 1567 1939 Auge
1595 1879 1716 1939 liegend
1750 1880 1810 1940 auf
1839 1883 1888 1943 dem
1938 1885 2054 1945 Blatte

1216 1924 1349 1984 Täglich
1384 1923 1494 1983 weisre
1524 1927 1698 1987 Schriften
1733 1927 1791 1987 vor
1820 1929 1872 1989 sich
1907 1933 1994 1993 hatte

1214 1969 1319 2029 Wenn
1347 1968 1392 2028 ich
1426 1968 1486 2028 auf
1515 1972 1565 2032 der
1599 1975 1704 2035 Wiese
1738 1978 1921 2038 Blümchen
1961 1984 2004 2044 laß

1209 2020 1279 2080 Sie
1307 2019 1334 2079 in
1372 2014 1498 2074 meinen
1531 2017 1650 2077 kleinen
1689 2024 1825 2084 Händen
1870 2028 2016 2088 brachte,

1207 2068 1284 2128 Sie
1313 2067 1368 2127 zur
1396 2060 1513 2120 Zierde
1547 2061 1658 2121 deiner
1687 2066 1803 2126 Haare
1838 2067 1960 2127 machte

1215 2119 1290 2179 Und
1326 2118 1381 2178 auf
1416 2106 1519 2166 Rosen
1555 2109 1700 2169 lächelnd
1728 2109 1783 2169 bey
1826 2109 1873 2169 dir
1902 2114 1977 2174 saß.

1405 2145 1454 2205 An
1479 2145 1542 2205 ihren
1572 2149 1749 2209 verstorbenen
1775 2151 1858 2211 Oheim
1893 2154 1932 2214 S.
1952 2158 1981 2218 92
2001 2161 2011 2221 =
2026 2162 2070 2222 94.

1217 2196 1296 2256 Nur
1326 2190 1456 2250 Bücher
1486 2191 1544 2251 hab
1582 2195 1632 2255 ich
1662 2199 1901 2259 liebgewonnen

1212 2242 1322 2302 Darin
1361 2237 1497 2297 gelesen,
1523 2247 1783 2307 nachgesonnen,

1210 2291 1331 2351 Selbst
1361 2288 1426 2348 eins
1463 2294 1628 2354 gemacht,
1651 2299 1672 2359 so
1709 2301 1838 2361 schlecht
1861 2303 1897 2363 es
1926 2306 2033 2366 war!

1207 2341 1327 2401 Nichts
1353 2336 1442 2396 fragt
1461 2342 1499 2402 ich
1531 2346 1562 2406 da
1588 2350 1664 2410 nach
1690 2350 1797 2410 Spiel
1823 2354 1880 2414 und
1912 2360 2045 2420 Tänzen

1213 2385 1271 2445 Ich
1300 2388 1364 2448 laß,
1394 2394 1539 2454 wodurch
1569 2399 1615 2459 sich
1650 2399 1772 2459 Helden
1809 2403 1942 2463 kränzen

1204 2437 1273 2497 Und
1309 2439 1449 2499 träumte
1485 2446 1677 2506 Schlachten
1719 2449 1777 2509 und
1813 2452 1976 2512 Gefahr!

1209 2481 1276 2541 Ich
1308 2491 1399 2551 gieng
1437 2494 1492 2554 auf
1517 2496 1610 2556 selbst
1642 2500 1795 2560 gebauten
1833 2500 1955 2560 Wällen

1206 2537 1276 2597 Ließ
1303 2540 1354 2600 sich
1387 2541 1471 2601 mein
1504 2546 1594 2606 Volk
1621 2548 1652 2608 in
1685 2551 1847 2611 Ordnung
1880 2554 1983 2614 stellen

1214 2590 1285 2650 Und
1316 2590 1388 2650 that
1420 2593 1467 2653 als
1498 2596 1558 2656 wie
1589 2598 1631 2658 ein
1668 2599 1843 2659 General,

1218 2641 1322 2701 Warf
1351 2645 1518 2705 Schanzen
1554 2649 1637 2709 auf,
1659 2646 1742 2706 schoß
1785 2652 2015 2712 Ziegelstücke,

1213 2688 1276 2748 Zog
1312 2694 1572 2754 schlechterdings
1601 2697 1676 2757 mich
1717 2697 1797 2757 nicht
1827 2697 1971 2757 zurücke,

1211 2739 1349 2799 Sprach
1376 2743 1469 2803 laut,
1489 2748 1584 2808 wenn
1616 2747 1653 2807 ich
1691 2745 1742 2805 den
1787 2747 1899 2807 Sturm
1951 2750 2082 2810 befahl!

1216 2789 1298 2849 War
1338 2793 1410 2853 eine
1438 2796 1582 2856 Vestung
1623 2796 1895 2856 eingenommen,

1215 2841 1320 2901 Dann
1355 2847 1412 2907 ließ
1449 2846 1489 2906 ich
1524 2847 1629 2907 meine
1659 2847 1781 2907 Völker
1811 2847 1951 2907 kommen

2081 2895 2209 2955 Drang
