2479 3508
502 315 694 375 Berlin,
728 316 783 376 den
817 318 864 378 6.
889 317 1009 377 Merz.

296 363 384 423 Man
406 363 534 423 rechnet
557 361 611 421 vom
651 363 734 423 1sten
757 363 800 423 des
823 366 984 426 Christm.
996 366 1106 426 1762.
1124 363 1173 423 bis
1190 364 1239 424 zum

243 412 324 472 1sten
352 410 400 470 des
428 410 537 470 1763.
559 410 580 470 in
613 410 684 470 allen
712 413 924 473 Kirchspielen
952 410 1044 470 dieser
1067 411 1251 471 Haupstadt

244 459 294 519 die
317 459 487 519 Garnison
516 458 578 518 mit
595 461 742 521 begriffen
777 464 861 524 1283
896 461 1145 521 Ehstiftungen,
1163 462 1247 522 3430

255 506 450 566 Tauflinge,
482 508 646 568 worunter
673 509 760 569 1739
791 512 992 572 mannliche,
1018 512 1105 572 1700
1137 509 1265 569 weibli=

241 557 314 617 chen
343 557 571 617 Geschlechts,
594 560 651 620 und
686 562 776 622 5595
817 560 1062 620 Begräbnisse,
1091 557 1255 617 worunten

246 607 340 667 1370
383 607 578 667 erwachsene
616 610 780 670 Manns=
812 607 907 667 1406
950 607 1261 667 Weibspersonen,

249 657 340 717 1404
368 658 459 718 junge
482 658 617 718 Knaben
650 658 709 718 und
736 655 823 715 1355
845 655 1018 715 Mägdlein
1040 658 1169 718 gezählt
1181 655 1256 715 wor=

246 705 323 765 den.
374 704 423 764 Es
446 706 507 766 sind
535 706 595 766 also
624 704 707 764 2156
735 705 823 765 mehr
846 706 1006 766 gestorben
1035 705 1079 765 als
1102 706 1262 766 geboren.

348 756 417 816 Aus
456 754 504 814 dem
553 751 888 811 Meklenburgschen,
915 754 963 814 den
1002 757 1066 817 28.
1094 754 1196 814 Febr.

303 801 358 861 Da
398 801 620 861 verschiedene
665 801 965 861 Schmähschriften
1011 803 1183 863 besonders
1217 806 1249 866 zu

248 849 397 909 Güstrow
435 849 522 909 gegen
553 849 719 909 Personen
745 852 797 912 von
828 852 963 912 Stande
989 852 1165 912 verbreitet
1181 852 1263 912 wor¬

248 899 327 959 den,
349 897 406 957 hat
428 897 481 957 der
502 900 688 960 regierende
709 903 836 963 Herzog
863 903 932 963 eine
953 903 1154 963 Belohnung
1191 901 1249 961 von

247 945 290 1005 50
329 948 450 1008 Rthlr.
467 949 517 1009 dem
561 949 715 1009 Angeber
732 951 820 1011 ihrer
843 948 1008 1008 Verfasser
1037 950 1257 1010 versprochen.

249 993 317 1053 Die
339 995 624 1055 Hornviehseuche
646 998 768 1058 nimmt
795 998 937 1058 merklich
969 996 1027 1056 ab.
1075 999 1180 1059 Unter
1202 998 1260 1058 an¬

241 1045 315 1105 dern
350 1046 404 1106 hat
429 1046 483 1106 das
508 1049 677 1109 Räuchern
707 1048 770 1108 mit
791 1046 1018 1106 Teufelsdreck
1043 1046 1102 1106 und
1133 1046 1251 1106 andern

241 1097 432 1157 stinckenden
474 1097 645 1157 Materien
682 1097 754 1157 gute
786 1094 957 1154 Dienste,
989 1094 1045 1154 das
1087 1094 1144 1154 von
1186 1094 1237 1154 dem

245 1141 380 1201 Preuß.
401 1143 597 1203 Kriegsrath
622 1142 728 1202 Herrn
764 1142 899 1202 Struve
935 1141 1111 1201 erfundene
1137 1141 1257 1201 Mittel

239 1188 314 1248 aber
338 1187 526 1247 Knoblauch
555 1188 606 1248 dem
649 1187 729 1247 Vieh
758 1186 823 1246 mit
843 1187 927 1247 einer
951 1184 1092 1244 Schnur
1121 1187 1154 1247 um
1196 1187 1248 1247 den

252 1242 340 1302 Hals
364 1241 393 1301 zu
423 1237 570 1297 hängen,
594 1237 641 1297 die
659 1236 783 1296 grösten
813 1231 960 1291 Wunder
984 1234 1125 1294 gethan.

528 1288 674 1348 Prag,
704 1288 756 1348 den
792 1285 855 1345 21.
880 1285 984 1345 Febr.

299 1334 356 1394 Da
382 1338 433 1398 der
453 1338 522 1398 Hof
542 1339 682 1399 Willens
715 1337 753 1397 ist
773 1338 824 1398 die
850 1336 996 1396 Moldau
1029 1336 1092 1396 und
1119 1335 1201 1395 Elbe
1227 1335 1252 1395 so

244 1385 389 1445 schiffbar
413 1387 458 1447 als
488 1387 615 1447 möglich
645 1390 679 1450 zu
709 1387 860 1447 machen,
883 1387 941 1447 hat
970 1387 1011 1447 ein
1052 1388 1191 1448 Patriot
1220 1389 1260 1449 ei¬

243 1434 302 1494 nen
330 1434 487 1494 Entwurf
509 1437 536 1497 zu
564 1437 710 1497 Canalen
732 1437 759 1497 in
792 1434 971 1494 Vorschlag
993 1437 1167 1497 gebracht,
1195 1436 1254 1496 daß

238 1485 285 1545 die
312 1485 397 1545 Eger
424 1484 482 1544 von
515 1485 679 1545 Falkenau
717 1485 765 1545 bis
798 1485 994 1545 Leutmeritz
1017 1485 1043 1545 in
1081 1485 1133 1545 die
1155 1482 1261 1542 Elbe,

242 1535 293 1595 die
319 1533 448 1593 Beraun
480 1533 537 1593 von
568 1533 676 1593 Pilsen
708 1533 728 1593 in
760 1533 805 1593 die
832 1530 972 1590 Moldau
1003 1531 1028 1591 zu
1055 1530 1261 1590 Königssaal

243 1581 389 1641 geleitet,
415 1581 475 1641 und
500 1581 551 1641 die
572 1581 652 1641 Iser
672 1578 733 1638 mit
754 1577 804 1637 der
825 1575 905 1635 Elbe
931 1575 955 1635 zu
982 1575 1173 1635 Altbunzlau
1199 1575 1259 1635 ver¬

245 1628 350 1688 einigt
372 1625 492 1685 werden
519 1625 619 1685 könne
646 1625 687 1685 rc.
735 1625 782 1685 Um
830 1622 882 1682 die
909 1619 1130 1679 Ausführung
1162 1619 1251 1679 eines

241 1678 267 1738 so
301 1674 475 1734 nützlichen
514 1673 633 1733 Werks
672 1673 699 1733 zu
743 1673 950 1733 erleichtern,
972 1671 1058 1731 ladet
1092 1672 1162 1732 man
1201 1673 1260 1733 alle

241 1727 559 1787 Kunstverständige
588 1727 656 1787 ein,
677 1727 725 1787 die
747 1727 823 1787 dazu
858 1727 1038 1787 bequemste
1066 1727 1183 1787 Mittel
1204 1724 1259 1784 be¬

241 1781 346 1841 kannt
368 1780 393 1840 zu
425 1778 577 1838 machen.

525 1825 696 1885 Leiden,
720 1825 772 1885 den
803 1824 869 1884 25.
892 1822 996 1882 Febr.

298 1872 366 1932 Die
390 1870 569 1930 Vorsteher
593 1871 667 1931 über
697 1870 749 1930 das
778 1869 1009 1929 Vermächtnis
1033 1870 1079 1930 des
1103 1870 1171 1930 seel.
1184 1871 1252 1931 Hn.

241 1918 352 1978 Stolp
379 1920 473 1980 haben
506 1916 733 1976 nachstehende
755 1913 860 1973 Frage
893 1915 1083 1975 aufgesetzt:
1131 1915 1247 1975 Quod¬

232 1965 287 2025 nam
338 1966 383 2026 est
406 1963 646 2023 fundamentum
697 1960 870 2020 potestatis
899 1963 1145 2023 legislatoriae,
1185 1965 1246 2025 qua

246 2017 350 2077 Deus,
373 2014 400 2074 in
428 2011 643 2071 Reuelatione
671 2011 875 2071 praesertim,
898 2014 1018 2074 exigit,
1041 2014 1074 2074 vt
1091 2011 1245 2071 homines

236 2067 303 2127 suas
324 2067 474 2127 actiones
495 2064 640 2124 morales
661 2061 692 2121 ad
724 2061 822 2121 ipsius
843 2064 1060 2124 praescriptum
1107 2061 1247 2121 compo¬

237 2118 346 2178 nant?
373 2115 444 2175 Aus
467 2115 591 2175 welchem
630 2113 766 2173 Grunde
788 2112 831 2172 der
854 2115 1105 2175 gesetzgebenden
1133 2112 1246 2172 Macht

243 2166 361 2226 fordert
387 2160 490 2220 Gott,
511 2162 680 2222 besonders
707 2160 732 2220 in
758 2160 809 2220 der
826 2164 1072 2224 Offenbarung,
1099 2160 1155 2220 von
1186 2161 1232 2221 den

241 2211 414 2271 Menschen
443 2208 512 2268 ihre
541 2207 686 2267 sittlichen
721 2208 899 2268 Handlung
930 2214 1004 2274 nach
1034 2212 1131 2272 seiner
1161 2209 1252 2269 Vor¬

239 2259 347 2319 schrift
367 2255 610 2315 einzurichten?
662 2252 738 2312 Die
764 2258 1020 2318 Abhandlungen
1046 2258 1160 2318 müssen
1180 2258 1250 2318 ent¬

244 2309 344 2369 weder
369 2307 391 2367 in
428 2306 628 2366 lateinischer
658 2303 729 2363 oder
760 2307 990 2367 holländischer
1020 2310 1179 2370 Sprache
1204 2307 1250 2367 ge¬

240 2359 387 2419 schrieben
410 2356 500 2416 seyn,
523 2354 585 2414 und
603 2353 659 2413 vor
682 2353 727 2413 dem
767 2351 840 2411 1sten
869 2358 953 2418 Jul.
965 2360 1055 2420 1765
1073 2360 1106 2420 an
1129 2360 1236 2420 Herrn

241 2408 365 2468 Lulolfs
395 2405 502 2465 Prof.
532 2405 584 2465 der
621 2402 846 2462 Philosophie
876 2405 935 2465 und
971 2411 1155 2471 Secretair
1191 2408 1243 2468 des

242 2457 437 2517 Stolpschen
469 2455 638 2515 Instituts
670 2452 701 2512 zu
733 2451 852 2511 Leyden
890 2458 1078 2518 überschickt
1105 2458 1248 2518 werden.

235 2503 313 2563 Der
337 2503 438 2563 Preis
461 2506 540 2566 wird
563 2506 614 2566 den
648 2502 744 2562 13ten
779 2500 863 2560 Oct.
886 2504 976 2564 1765
1000 2506 1242 2566 zugesprochen,

236 2550 295 2610 und
320 2554 440 2614 besteht
459 2556 482 2616 in
507 2554 585 2614 einer
610 2554 742 2614 goldnen
773 2551 935 2611 Medaille
954 2556 1014 2616 250
1044 2557 1237 2617 holländsche

239 2603 294 2663 Fl.
313 2602 436 2662 werth.

518 2649 681 2709 Paris,
710 2649 764 2709 den
805 2646 866 2706 20.
894 2649 996 2709 Febr.

283 2697 348 2757 Auf
373 2695 415 2755 die
440 2697 597 2757 Schrift:
622 2694 943 2754 L'Anti-Financier
974 2701 1065 2761 siehet
1090 2703 1155 2763 man
1192 2705 1246 2765 seit

230 2751 352 2811 einigen
386 2743 491 2803 Tagen
525 2745 585 2805 eine
608 2745 824 2805 schwülstige,
836 2745 935 2805 nichts
958 2748 1146 2808 beweisende
1169 2753 1246 2813 Ant¬

232 2799 333 2859 wort,
357 2799 407 2859 die
431 2793 515 2853 einen
544 2796 866 2856 General=Pächter
895 2793 952 2853 zum
997 2799 1167 2859 Verfasser
1190 2799 1246 2859 ha¬

232 2847 285 2907 ben
313 2847 382 2907 soll.
432 2844 512 2904 Bey
540 2842 588 2902 dem
637 2844 820 2904 Regiment
842 2844 896 2904 des
918 2844 1041 2904 Gardes
1064 2845 1236 2905 françoiles

228 2898 284 2958 soll
313 2899 381 2959 eine
410 2894 506 2954 große
541 2891 784 2951 Veränderung
813 2894 995 2954 vorgehen,
1024 2896 1091 2956 nach
1120 2897 1244 2957 folgen¬

1303 324 1356 384 dem
1398 328 1519 388 Plan:
1560 336 1648 396 jeder
1682 341 1932 401 verheyrathete
1960 339 2095 399 Soldat
2110 339 2190 399 wird
2211 343 2305 403 abge¬

1301 374 1430 434 danckt,
1454 377 1513 437 und
1537 381 1636 441 keinem
1684 387 1772 447 mehr
1790 389 1819 449 zu
1849 389 2019 449 heyrathen
2055 389 2184 449 erlaubt
2209 389 2302 449 seyn;

1302 421 1363 481 alle
1388 422 1504 482 werden
1543 425 1566 485 in
1604 432 1763 492 Casernen
1802 437 1924 497 gelegt.
1980 437 2053 497 Der
2085 437 2195 497 König
2220 438 2294 498 wird

1304 473 1393 533 selbst
1412 472 1460 532 die
1484 474 1719 534 Mannschaft,
1738 482 1797 542 das
1816 488 1978 548 Gewehr,
2003 488 2051 548 die
2076 485 2310 545 Geräthschaf¬

1297 518 1339 578 ten
1371 521 1429 581 und
1461 522 1651 582 Uniformen
1683 528 1778 588 stellen
1805 535 1868 595 und
1901 539 1974 599 alles
2007 536 2085 596 wird
2118 536 2175 596 aus
2197 533 2292 593 denen

1293 568 1367 628 dazu
1410 572 1648 632 angewiesenen
1686 580 1892 640 Magazinen
1929 586 2141 646 genommen.

2224 583 2309 643 Die

1301 618 1462 678 Soldaten
1495 622 1580 682 sollen
1608 622 1694 682 nicht
1710 625 1742 685 am
1781 630 1877 690 Ufer,
1899 632 1926 692 in
1959 634 2012 694 den
2050 637 2163 697 Hallen
2185 634 2227 694 2c.
2255 634 2303 694 ar¬

1294 664 1415 724 beiten.
1490 667 1553 727 Ein
1585 670 1670 730 jeder
1702 676 1844 736 Füselier
1877 682 2041 742 bekommt
2068 685 2120 745 des
2147 684 2252 744 Tages
2274 682 2289 742 9

1295 715 1403 775 Sols,
1431 718 1479 778 der
1502 719 1692 779 Grenadier
1725 721 1784 781 11,
1813 726 1861 786 der
1883 729 2068 789 Sergeant
2090 733 2128 793 13
2161 733 2220 793 und
2248 733 2301 793 soll

1294 765 1378 825 nicht
1402 767 1491 827 mehr
1520 769 1712 829 Lieutnants
1747 772 1843 832 Rang
1872 775 1995 835 haben.
2041 779 2120 839 Der
2143 784 2301 844 jährliche

1297 813 1381 873 Sold
1408 819 1493 879 eines
1526 819 1701 879 Capitains
1728 819 1850 879 kommt
1872 821 1929 881 auf
1951 822 2063 882 10000
2100 830 2206 890 Livres
2239 831 2297 891 und

1295 860 1346 920 der
1364 864 1485 924 höhern
1521 868 1676 928 Officiers
1700 870 1774 930 nach
1804 872 2029 932 Verhältniß.
2099 874 2150 934 Am
2197 879 2289 939 16ten

1296 910 1360 970 war
1382 915 1674 975 außerordentliche
1707 920 1960 980 Versammlung
1994 920 2042 980 des
2080 926 2296 986 Parlements

1294 957 1330 1017 um
1373 960 1415 1020 die
1442 964 1558 1024 Lettres
1585 969 1748 1029 Patentes
1780 969 2055 1029 einzuschreiben,
2082 972 2224 1032 wodurch
2246 978 2293 1038 der

1298 1004 1402 1064 König
1425 1010 1474 1070 dem
1519 1015 1601 1075 Land
1624 1016 1801 1076 Amboise,
1824 1018 1956 1078 welches
1979 1016 2034 1076 dem
2079 1016 2205 1076 Herzog
2233 1026 2288 1086 von

1296 1053 1446 1113 Choiseul
1465 1061 1555 1121 gegen
1586 1064 1803 1124 verschiedene
1834 1066 1955 1126 andere
1980 1062 2088 1122 Güter
2119 1067 2288 1127 überlassen

1292 1100 1439 1160 worden,
1474 1107 1524 1167 den
1564 1112 1655 1172 Titel
1678 1115 1768 1175 eines
1798 1118 2046 1178 Herzogthums
2081 1112 2143 1172 und
2178 1118 2296 1178 Pairie

1295 1146 1352 1206 von
1382 1151 1536 1211 Choiseul
1554 1157 1698 1217 beylegt.
1739 1166 1911 1226 Vermöge
1935 1165 2021 1225 eines
2045 1163 2159 1223 andern
2183 1165 2292 1225 Edicts

1292 1196 1380 1256 sollen
1411 1198 1457 1258 die
1482 1201 1588 1261 bisher
1613 1205 1665 1265 für
1689 1207 1826 1267 150000
1856 1213 1968 1273 Livres
1993 1212 2158 1272 verkaufte
2177 1212 2306 1272 Schatz=

1291 1246 1566 1306 meister=Aemter
1593 1253 1645 1313 der
1688 1261 1879 1321 Invaliden
1917 1261 2112 1321 aufgehoben
2155 1260 2303 1320 werden,

1294 1297 1343 1357 die
1366 1303 1554 1363 Einnahme
1577 1303 1637 1363 und
1660 1309 1814 1369 Ausdabe
1843 1312 1931 1372 durch
1964 1312 2053 1372 einen
2081 1309 2302 1369 Einnehmer,

1290 1351 1421 1411 welcher
1440 1354 1465 1414 im
1504 1356 1603 1416 Hotel
1623 1362 1754 1422 wohnt,
1780 1366 1962 1426 geschehen,
1988 1368 2049 1428 und
2069 1365 2163 1425 dieser
2182 1365 2288 1425 50000

1292 1404 1401 1464 Livres
1429 1407 1571 1467 Caution
1599 1410 1720 1470 stellen.

1530 1461 1733 1521 London,
1759 1464 1816 1524 vom
1867 1467 1931 1527 17.
1957 1467 2058 1527 Febr.

1341 1501 1414 1561 Die
1437 1505 1617 1565 Bitterkeit
1634 1509 1775 1569 zwischen
1804 1515 1854 1575 den
1889 1518 2074 1578 Partheyen
2103 1517 2227 1577 nimmt
2239 1515 2294 1575 im¬

1290 1545 1356 1605 mer
1377 1550 1469 1610 mehr
1491 1554 1552 1614 und
1583 1555 1671 1615 mehr
1692 1558 1748 1618 zu.
1795 1563 1902 1623 Unter
1923 1566 2042 1626 andern
2073 1566 2145 1626 sieht
2166 1566 2232 1626 man
2258 1566 2299 1626 ei¬

1292 1588 1346 1648 nen
1372 1593 1493 1653 Brief,
1514 1596 1543 1656 in
1580 1599 1710 1659 welchem
1757 1607 1827 1667 man
1863 1610 2040 1670 anmerckt,
2070 1612 2125 1672 daß
2161 1612 2307 1672 Schott¬

1293 1639 1366 1699 land
1389 1642 1451 1702 mit
1468 1643 1558 1703 seinen
1587 1646 1791 1706 unzäͤhlichen
1820 1652 1933 1712 Inseln
1956 1655 2012 1715 und
2036 1657 2086 1717 bey
2109 1657 2160 1717 der
2177 1658 2284 1718 großen

1294 1694 1482 1754 Aufnahme
1520 1691 1612 1751 ihres
1655 1697 1839 1757 Handels,
1888 1700 1941 1760 zur
1980 1702 2195 1762 Land-Taxe
2228 1706 2292 1766 nur

1292 1749 1406 1809 47954
1439 1750 1502 1810 Pf.
1522 1748 1637 1808 Sterl.
1663 1748 1675 1808 1
1695 1751 1823 1811 Schill.
1843 1749 1855 1809 2
1875 1748 1938 1808 Pf.
1958 1751 2111 1811 abtrage,
2131 1754 2297 1814 unterdes=

1285 1801 1326 1861 sen
1357 1799 1403 1859 die
1428 1799 1623 1859 Grafschaft
1641 1801 1753 1861 Bucks
1783 1801 1807 1861 in
1843 1799 1997 1859 England
2027 1799 2121 1859 allein
2152 1806 2293 1866 47142.

1293 1846 1304 1906 1
1329 1848 1413 1908 Sch.
1427 1846 1438 1906 8
1463 1847 1529 1907 Pf.
1548 1849 1638 1909 geben
1669 1849 1784 1909 müsse.
1833 1846 1912 1906 Das
1943 1848 2155 1908 Fürstenthum
2205 1855 2301 1915 Wal=

1288 1894 1330 1954 les
1352 1894 1435 1954 wåre
1452 1897 1488 1957 um
1526 1897 1610 1957 zwey
1631 1900 1757 1960 Drittel
1779 1900 1889 1960 kleiner
1916 1900 1958 1960 als
1985 1897 2201 1957 Schottland,
2217 1903 2296 1963 hiel¬

1284 1945 1316 2005 te
1339 1945 1421 2005 nicht
1444 1948 1532 2008 mehr
1560 1948 1609 2008 als
1637 1951 1770 2011 300000
1804 1951 2008 2011 Einwohner
2031 1950 2058 2010 in
2086 1948 2158 2008 sich,
2180 1951 2296 2011 hinge¬

1286 1997 1335 2057 gen
1363 1996 1557 2056 Schottland
1585 1999 1662 2059 nahe
1685 1999 1717 2059 an
1751 2003 1940 2063 1300000,
1963 2002 2051 2062 zahle
2079 1999 2150 2059 aber
2168 1998 2278 2058 33937

1289 2043 1356 2103 Pf.
1368 2042 1480 2102 Sterl.
1498 2046 1531 2106 12
1566 2046 1695 2106 Schill.
1707 2049 1717 2109 4
1741 2049 1808 2109 Pf.
1832 2049 1950 2109 Beyde
1973 2052 2074 2112 wären
2108 2049 2209 2109 wegen
2238 2052 2283 2112 der

1287 2092 1430 2152 Gebirge
1464 2092 1525 2152 und
1559 2091 1758 2151 fruchtbaren
1792 2097 1919 2157 Thäler
1953 2101 2002 2161 sich
2030 2103 2174 2163 ähnlich,
2213 2103 2285 2163 aber

1286 2142 1478 2202 Schottland
1503 2142 1552 2202 dem
1584 2142 1802 2202 Fürstenthum
1840 2148 1963 2208 Walles
1995 2153 2019 2213 im
2063 2154 2193 2214 Handel
2219 2157 2293 2217 weit

1282 2193 1484 2253 überlegen.

1597 2295 1985 2355 AVERTISSEMENT.

1316 2345 1389 2405 Den
1412 2345 1503 2405 10ten
1532 2344 1634 2404 Marz
1651 2348 1822 2408 morgends
1845 2348 1879 2408 um
1914 2348 1924 2408 9
1953 2345 2016 2405 Uhr
2034 2348 2152 2408 geschah
2182 2351 2289 2411 allhier

1286 2397 1338 2457 auf
1356 2396 1396 2456 dem
1437 2391 1558 2451 Schloß
1582 2393 1703 2453 Balcon
1732 2396 1778 2456 die
1796 2396 1882 2456 Erste
1906 2396 2051 2456 Ziehung
2080 2399 2126 2459 der
2150 2401 2288 2461 Königl.

1285 2445 1417 2505 Preuß.
1434 2440 1589 2500 Lotterie,
1612 2438 1639 2498 in
1667 2446 1878 2506 Gegenwart
1890 2443 1939 2503 des
1968 2445 2111 2505 Königl.
2129 2450 2289 2510 General¬

1284 2491 1550 2551 Feldmarschalls
1584 2489 1644 2549 und
1678 2495 1923 2555 Gouverneurs
1957 2491 2051 2551 dieser
2085 2500 2290 2560 Hauptstadt

1284 2542 1385 2602 Herrn
1416 2536 1476 2596 von
1506 2537 1650 2597 Lehwald
1681 2545 1861 2605 Excellenz,
1886 2542 1940 2602 des
1964 2544 2108 2604 Königl.
2127 2551 2283 2611 Krieges¬

1278 2592 1374 2652 raths
1403 2587 1465 2647 und
1500 2587 1715 2647 dirigirenden
1756 2590 2039 2650 Burgermeisters
2074 2599 2176 2659 Herrn
2205 2602 2294 2662 Hin¬

1277 2639 1403 2699 dersin,
1439 2635 1502 2695 und
1532 2635 1589 2695 des
1625 2641 1774 2701 Königl.
1799 2641 2059 2701 Kriegesraths,
2089 2649 2279 2709 Directoris

1281 2690 1378 2750 dieser
1407 2681 1540 2741 Lotterie
1570 2688 1673 2748 Herrn
1703 2691 1865 2751 Imbert.
1934 2692 2009 2752 Die
2033 2701 2275 2761 ausgezogenen

1283 2736 1463 2796 Nummern
1493 2733 1595 2793 waren
1632 2741 1692 2801 78.
1722 2745 1782 2805 37.
1807 2745 1872 2805 88.
1897 2745 1957 2805 42.
1988 2747 2023 2807 7.

1276 2820 1366 2880 Diese
1382 2814 1520 2874 Gelehrte
1542 2817 1594 2877 und
1622 2823 1781 2883 Politische
1802 2823 1929 2883 Zeitung
1957 2828 2025 2888 wird
2052 2826 2099 2886 des
2127 2829 2280 2889 Montags

1381 2858 1435 2918 und
1470 2859 1612 2919 Freytags
1637 2864 1661 2924 in
1687 2864 1730 2924 dem
1770 2864 1963 2924 Kanterschen
1998 2870 2175 2930 Buchladen

1668 2903 1892 2963 ausgegeben.
