2479 3508
1598 2320 1988 2380 AVERTISSEMENT.

1329 2366 1406 2426 Dem
1451 2368 1595 2428 Publico
1618 2366 1701 2426 wird
1730 2373 1868 2433 bekannt
1891 2369 2051 2429 gemacht,
2069 2368 2124 2428 daß
2158 2368 2202 2428 die
2225 2369 2301 2429 erste

1283 2421 1432 2481 Ziehung
1462 2418 1513 2478 der
1538 2417 1681 2477 Königl.
1699 2423 1832 2483 Preuß.
1844 2422 1982 2482 Lotterie
2012 2414 2174 2474 künftigen
2203 2420 2307 2480 Son¬

1282 2470 1408 2530 nabend
1431 2467 1481 2527 als
1509 2462 1542 2522 am
1587 2464 1625 2524 10
1648 2470 1752 2530 März
1769 2470 1797 2530 c.
1814 2469 2030 2529 Vormittags
2058 2467 2091 2527 um
2130 2467 2141 2527 9
2164 2470 2229 2530 Uhr
2247 2473 2301 2533 auf

1276 2521 1328 2581 dem
1375 2517 1403 2577 im
1457 2515 1689 2575 Schloßplatze
1719 2521 1928 2581 befindlichen
1963 2518 2091 2578 Balcon
2126 2521 2289 2581 geschehen

1434 2560 1509 2620 Die
1537 2564 1661 2624 Herren
1694 2569 1905 2629 Einnehmer
1938 2566 2035 2626 dieser
2062 2570 2197 2630 Lotterie
2224 2572 2305 2632 wer¬

1281 2569 1389 2629 wird.

1282 2617 1336 2677 den
1364 2616 1414 2676 bis
1447 2614 1497 2674 den
1525 2614 1541 2674 9
1569 2615 1673 2675 März
1696 2620 1911 2680 Vormittags
1940 2617 1983 2677 die
2006 2620 2149 2680 Einsatze
2177 2622 2298 2682 anneh¬

1276 2667 1373 2727 men.
1422 2666 1470 2726 Im
1515 2665 1812 2725 Haupt=Comtoir
1840 2666 1910 2726 aber
1938 2667 1986 2727 des
2013 2671 2295 2731 Lotterie=Amtes

1285 2716 1343 2776 auf
1366 2717 1414 2777 dem
1468 2710 1658 2770 Roßgarten
1696 2718 1820 2778 werden
1853 2717 1949 2777 solche
1983 2718 2031 2778 bis
2064 2720 2101 2780 um
2151 2718 2188 2778 10
2226 2718 2296 2778 Uhr

1281 2770 1415 2830 Abends
1446 2763 1497 2823 des
1524 2766 1699 2826 bemeldten
1725 2769 1735 2829 9
1767 2769 1865 2829 Marz
1886 2769 2123 2829 angenommen
2155 2769 2299 2829 werden.

1282 2840 1375 2900 Diese
1393 2834 1530 2894 Gelehrte
1553 2835 1608 2895 und
1630 2838 1796 2898 Politische
1818 2838 1939 2898 Zeitung
1968 2841 2039 2901 wird
2067 2840 2111 2900 des
2139 2838 2293 2898 Montags

1378 2878 1440 2938 und
1469 2878 1617 2938 Freytags
1640 2881 1662 2941 in
1691 2880 1737 2940 dem
1777 2882 1970 2942 Kanterschen
2005 2881 2186 2941 Buchladen

1676 2922 1897 2982 ansgegeben.

1290 342 1361 402 Die
1383 345 1619 405 Veränderung
1648 348 1820 408 geschiehet
1842 347 1992 407 alsbald,
2014 347 2071 407 und
2094 345 2143 405 das
2172 348 2300 408 Wasser

1286 394 1318 454 ist
1341 392 1396 452 gut
1424 395 1451 455 zu
1480 395 1640 455 trincken,
1663 397 1724 457 wie
1752 398 1796 458 die
1830 396 1963 456 wirklich
1997 392 2102 452 davon
2141 393 2202 453 vor
2230 396 2285 456 dem

1289 443 1503 503 Policeyamt
1521 443 1688 503 abgelegte
1706 447 1822 507 Probe
1840 446 2002 506 beweiset,
2025 444 2140 504 welche
2165 446 2222 506 nun
2245 448 2303 508 vor

1292 493 1466 553 samtlichen
1493 491 1545 551 zum
1589 494 1763 554 Seewesen
1795 500 2007 560 verordneten
2029 495 2150 555 Herren
2178 494 2309 554 wieder¬

1282 544 1365 604 holet
1389 540 1507 600 werden
1539 540 1615 600 soll.
1664 545 1740 605 Der
1765 548 1919 608 Erfinder
1938 546 2128 606 versichert,
2158 545 2211 605 daß
2253 547 2294 607 ein

1290 592 1396 652 Maaß
1423 592 1509 652 nicht
1530 590 1629 650 höher
1656 592 1702 652 als
1730 594 1742 654 4
1776 598 1942 658 Pfennige
1969 596 1995 656 zu
2022 598 2129 658 stehen
2163 595 2308 655 komme.

1534 642 1735 702 London,
1763 642 1823 702 vom
1867 646 1926 706 14.
1949 646 2046 706 Febr.

1329 689 1470 749 Gestern
1501 691 1612 751 wurde
1631 691 1654 751 im
1696 692 1897 752 Unterhause
1921 694 1968 754 die
1986 697 2098 757 Sache
2123 697 2169 757 des
2188 694 2293 754 Herrn

1282 739 1408 799 Wilkes
1439 745 1728 805 vorgenommen,
1752 742 1815 802 und
1839 742 1891 802 die
1920 742 2065 802 Sitzung
2095 748 2222 808 währte
2251 745 2303 805 bis

1282 792 1355 852 nach
1384 795 1627 855 Mitternacht.
1673 795 1763 855 Herr
1781 792 1859 852 Pitt
1877 792 1944 852 war
1968 795 2131 855 zugegen,
2143 798 2199 858 und
2222 795 2295 855 wird

1283 840 1353 900 auch
1383 843 1477 903 heute
1501 843 1700 903 vermuthet.
1748 840 1824 900 Die
1848 840 2088 900 Untersuchung
2119 843 2230 903 betrift
2254 846 2294 906 die

1285 891 1295 951 2
1324 891 1472 951 Fragen:
1522 894 1660 954 welcher
1694 891 1859 951 Personen
1904 891 1953 951 sich
1982 891 2037 951 das
2065 893 2279 953 Ministerium

1286 939 1412 999 bedient
1435 940 1467 1000 um
1507 942 1550 1002 sich
1574 945 1622 1005 der
1640 945 1761 1005 Person
1789 945 1849 1005 und
1878 942 1932 1002 der
1950 942 2093 1002 Papiere
2121 942 2171 1002 des
2194 945 2292 1005 Herrn

1286 984 1404 1044 Wilkes
1433 990 1460 1050 zu
1495 992 1743 1052 bemächtigen?
1772 992 1828 1052 und
1857 992 1919 1052 mit
1936 992 2066 1052 welchen
2095 990 2286 1050 Umständen

1283 1034 1380 1094 dieses
1404 1040 1600 1100 geschehen?
1629 1040 1704 1100 Die
1722 1040 1906 1100 Gemüther
1930 1043 1987 1103 sind
2011 1042 2097 1102 durch
2120 1040 2183 1100 eine
2201 1041 2305 1101 Men=

1276 1087 1311 1147 ge
1333 1085 1508 1145 fliegender
1540 1088 1679 1148 Blätter
1711 1091 1912 1151 zubereitet,
1939 1093 1969 1153 in
2001 1094 2099 1154 denen
2136 1091 2202 1151 man
2239 1091 2290 1151 den

1282 1133 1484 1193 Unterscheid
1524 1136 1670 1196 zwischen
1710 1139 1861 1199 Satyren
1902 1139 1963 1199 und
1987 1142 2290 1202 Schmähschriften

1282 1181 1483 1241 untersucht,
1510 1184 1567 1244 und
1600 1184 1646 1244 die
1673 1184 1805 1244 Richter
1827 1187 1985 1247 ermahnt
2001 1190 2123 1250 darauf
2144 1193 2308 1253 aufmerk¬

1281 1229 1329 1289 sam
1368 1230 1399 1290 zu
1427 1231 1518 1291 seyn,
1546 1231 1594 1291 die
1616 1231 1767 1291 Außagen
1811 1231 1859 1291 der
1881 1231 2005 1291 Zeugen
2038 1237 2172 1297 gehörig
2200 1240 2226 1300 zu
2259 1239 2302 1299 er¬

1284 1279 1415 1339 wägen,
1438 1279 1495 1339 und
1522 1279 1575 1339 den
1607 1279 1706 1339 reinen
1739 1279 1976 1339 Bewegungen
1998 1281 2088 1341 ihres
2115 1285 2299 1345 Genißens

1280 1330 1314 1390 zu
1344 1333 1470 1393 folgen.
1517 1333 1609 1393 Herr
1627 1333 1754 1393 Wilkes
1783 1333 1841 1393 hat
1865 1333 1951 1393 einen
1980 1333 2090 1393 bittern
2125 1333 2229 1393 Brief
2241 1333 2298 1393 aus

1289 1384 1392 1444 Paris
1428 1387 1537 1447 datirt
1561 1385 1596 1445 an
1637 1385 1688 1445 den
1718 1384 1892 1444 Sprecher
1922 1384 1973 1444 des
2008 1387 2234 1447 Unterhauses
2258 1383 2310 1443 ge¬

1280 1437 1460 1497 schrieben.
1506 1435 1581 1495 Die
1605 1436 1772 1496 Parthey,
1790 1437 1906 1497 welche
1930 1437 1976 1497 dem
2023 1437 2220 1497 Ministerio
2244 1437 2312 1497 ent¬

1282 1488 1372 1548 gegen
1401 1485 1462 1545 ist,
1480 1485 1581 1545 nennt
1604 1486 1650 1546 sich
1679 1485 1751 1545 jetzo
1775 1486 1996 1546 Minorität,
2019 1488 2080 1548 und
2109 1488 2199 1548 giebt
2217 1488 2295 1548 allen

1282 1533 1386 1593 treuen
1420 1534 1641 1594 Unterthanen
1681 1533 1735 1593 des
1763 1536 1890 1596 Königs
1919 1536 1974 1596 den
2008 1536 2095 1596 Titel
2118 1536 2168 1596 der
2190 1537 2311 1597 Majo¬

1281 1577 1378 1637 rität.
1430 1576 1553 1636 Einige
1590 1578 1795 1638 Mitglieder
1832 1581 1888 1641 von
1925 1581 1981 1641 der
2012 1584 2104 1644 ersten
2141 1586 2295 1646 Parthey

1288 1624 1418 1684 giengen
1449 1624 1478 1684 in
1509 1623 1564 1683 der
1590 1625 1705 1685 Nacht
1725 1625 1780 1685 vom
1827 1625 1917 1685 11ten
1953 1628 2007 1688 zum
2058 1631 2148 1691 12ten
2189 1631 2304 1691 dieses,

1287 1675 1372 1735 durch
1405 1675 1448 1735 die
1476 1673 1627 1733 Straßen
1660 1673 1708 1733 des
1730 1675 1989 1735 Hofquartiers,
2017 1676 2129 1736 stießen
2152 1679 2194 1739 die
2216 1679 2307 1739 über¬

1287 1727 1479 1787 müthigsten
1509 1727 1805 1787 Schmachwörter
1830 1727 1878 1787 bey
1908 1727 2028 1787 einigen
2060 1729 2204 1789 Häusern
2228 1729 2306 1789 aus,

1282 1779 1338 1839 und
1367 1781 1487 1841 schryen
1516 1781 1578 1841 mit
1602 1781 1698 1841 voller
1728 1781 1887 1841 Stimme
1911 1778 1955 1838 bis
1985 1780 2007 1840 in
2042 1779 2093 1839 der
2116 1781 2224 1841 Nähe
2242 1778 2298 1838 von

1281 1826 1354 1886 St.
1371 1828 1530 1888 James:
1553 1825 1603 1885 Es
1627 1828 1694 1888 lebe
1718 1830 1842 1890 Wilkes
1876 1828 1944 1888 und
1979 1827 2023 1887 die
2052 1831 2301 1891 preiswürdige

1286 1875 1501 1935 Minorität!
1529 1874 1635 1934 Unter
1657 1879 1756 1939 diesen
1785 1876 1950 1936 Schwarm
1995 1876 2100 1936 nennt
2117 1879 2188 1939 man
2228 1881 2310 1941 eini¬

1283 1929 1316 1989 ge
1340 1927 1510 1987 Personen
1550 1925 1607 1985 von
1642 1927 1692 1987 dem
1744 1927 1881 1987 höchsten
1921 1924 2040 1984 Range
2069 1926 2125 1986 und
2154 1926 2211 1986 das
2240 1927 2313 1987 Ge¬

1280 1975 1387 2035 rüchte
1411 1976 1586 2036 verbreitet
1609 1977 1682 2037 sich,
1706 1977 1762 2037 daß
1791 1978 1898 2038 einige
1922 1976 2131 2036 Günstlinge
2154 1975 2205 2035 des
2228 1975 2307 2035 Vol¬

1282 2025 1332 2085 kes
1372 2025 1405 2085 am
1457 2025 1655 2085 Ministerio
1690 2025 1808 2085 wieder
1843 2026 1950 2086 Theil
1979 2028 2109 2088 nehmen
2149 2025 2312 2085 möchten,

1285 2076 1317 2136 um
1361 2073 1409 2133 die
1436 2076 1625 2136 allgemeine
1648 2074 1782 2134 Unruhe
1810 2076 1836 2136 zu
1864 2076 1988 2136 stillen.
2038 2079 2096 2139 So
2125 2077 2194 2137 bald
2227 2076 2302 2136 diese

1282 2124 1457 2184 innerliche
1480 2121 1616 2181 Händel
1633 2121 1804 2181 beygelegt
1827 2124 1906 2184 sind,
1935 2124 2008 2184 wird
2037 2130 2087 2190 der
2116 2130 2229 2190 König
2247 2130 2297 2190 sich

1282 2174 1353 2234 nach
1382 2170 1602 2230 Deutschland
1631 2170 1796 2230 begeben,
1830 2173 1868 2233 um
1919 2174 1973 2234 von
2018 2181 2117 2241 seinen
2151 2181 2294 2241 Staaten

1283 2223 1415 2283 daselbst
1433 2225 1578 2285 förmlich
1603 2223 1718 2283 Besitz
1731 2223 1760 2283 zu
1792 2223 1948 2283 nehmen.

206 345 347 405 übrigen
386 345 483 405 haben
529 342 633 402 keinen
671 341 799 401 Befehl
830 342 882 402 von
920 342 1010 402 ihren
1048 339 1152 399 Höfen
1191 340 1243 400 er¬

205 394 341 454 halten.
401 392 477 452 Der
507 389 719 449 französische
750 392 1015 452 Ambassadeur,
1046 389 1145 449 Graf
1176 389 1228 449 von

206 441 360 501 Chatelet
379 440 440 500 hat
459 440 546 500 schon
577 440 601 500 in
627 440 805 500 Frankfurt
831 443 873 503 ein
900 441 991 501 Haus
1017 438 1066 498 für
1091 437 1177 497 6000
1202 440 1239 500 fl.

210 491 414 551 monathlich
440 491 633 551 gemiethet,
653 492 709 552 und
736 491 761 551 im
806 491 882 551 Fall
903 494 954 554 des
974 491 1229 551 Feuerschadens

214 542 368 602 100,000
393 542 427 602 fl.
446 540 582 600 daselbst
600 542 772 602 deponirt.

499 590 668 650 Paris,
700 592 754 652 den
797 591 864 651 13.
889 589 992 649 Febr.

266 640 373 700 Heute
399 640 562 700 empfieng
587 641 634 701 der
665 643 773 703 König
798 640 847 700 die
871 640 1070 700 Deputirten
1095 639 1149 699 von
1174 637 1222 697 dem

214 688 418 748 Parlement
436 691 486 751 des
515 691 730 751 Delphinats
765 690 827 750 und
856 688 998 748 übergab
1044 690 1094 750 dem
1140 689 1231 749 ersten

210 741 453 801 Präsidenten,
482 742 533 802 der
557 741 679 801 selbige
702 739 876 799 anführte,
894 739 945 799 die
969 739 1159 799 Regierung
1189 739 1240 799 der

214 785 373 845 Provinz
389 789 489 849 wider
506 789 568 849 mit
585 786 669 846 einer
691 786 939 846 Verringerung
961 789 1013 849 von
1040 789 1177 849 500000
1204 787 1246 847 Li=

210 833 287 893 vres
310 837 348 897 an
382 838 436 898 den
465 837 647 897 Abgaben.
703 834 813 894 Diese
842 837 991 897 Königl.
1008 839 1129 899 Gnade
1158 837 1235 897 wird

213 883 272 943 das
299 888 472 948 Andenken
505 885 554 945 der
582 888 689 948 übelen
717 888 923 948 Begegnung
945 888 1151 948 auslöschen,
1173 887 1248 947 wel¬

207 933 261 993 che
294 935 396 995 dieses
424 939 630 999 Parlement
652 936 706 996 von
739 939 858 999 Seiten
891 936 945 996 des
967 939 1080 999 zurück
1108 937 1248 997 geruffe¬

204 984 269 1044 nen
307 985 687 1045 General=Lieutenants
715 989 867 1049 erlitten.
927 987 1003 1047 Die
1036 989 1155 1049 hiesige
1183 985 1247 1045 Kö¬

211 1035 349 1095 nigliche
373 1037 546 1097 Academie
570 1038 621 1098 des
651 1040 852 1100 Ackerbaues
882 1034 945 1094 hat
975 1035 1009 1095 um
1062 1037 1113 1097 den
1148 1036 1234 1096 Fleiß

212 1083 275 1143 und
302 1085 349 1145 die
387 1086 636 1146 Nacheiferung
673 1088 763 1148 unter
801 1088 858 1148 den
896 1086 1092 1146 Landleuten
1135 1082 1251 1142 aufzu¬

214 1133 386 1193 muntern,
416 1136 601 1196 festgesetzt,
625 1136 682 1196 daß
717 1136 775 1196 von
816 1136 867 1196 den
908 1136 1128 1196 Mitgliedern
1158 1130 1249 1190 jähr¬

212 1184 270 1244 lich
302 1184 344 1244 ein
371 1181 513 1241 gewisser
540 1181 651 1241 Fonds
683 1183 905 1243 ausgemacht
927 1181 1053 1241 werden
1085 1181 1153 1241 soll,
1186 1178 1222 1238 um

216 1231 314 1291 zween
346 1231 417 1291 oder
444 1229 589 1289 mehrere
610 1228 723 1288 Preise
745 1228 838 1288 unter
864 1228 1024 1288 diejenige
1051 1226 1237 1286 austheilen

207 1287 240 1347 zu
268 1282 417 1342 können,
446 1282 489 1342 die
518 1282 545 1342 in
573 1279 661 1339 ihren
690 1278 978 1338 Untersuchungen
1012 1276 1089 1336 über
1112 1276 1238 1336 gewisse

214 1333 415 1393 Handgriffe
439 1333 490 1393 des
514 1333 699 1393 Ackerbaus
728 1330 785 1390 und
809 1330 855 1390 der
873 1327 1167 1387 Landwirthschaft
1191 1325 1237 1385 sich

213 1379 250 1439 am
294 1381 419 1441 meisten
452 1384 572 1444 hervor
600 1382 675 1442 thun
709 1381 871 1441 möchten.

939 1381 1016 1441 Der
1047 1381 1148 1441 Preiß
1185 1380 1237 1440 für

214 1429 273 1489 das
303 1428 397 1488 1765
439 1434 533 1494 Jahr
569 1431 687 1491 besteht
717 1431 741 1491 in
777 1431 847 1491 800
883 1428 1013 1488 Livres,
1043 1431 1102 1491 und
1126 1428 1243 1488 betrift

213 1480 268 1540 die
302 1484 512 1544 Eigenschaft
535 1482 595 1542 und
635 1482 856 1542 Anwendung
907 1479 961 1539 der
995 1479 1095 1539 besten
1140 1477 1250 1537 Dün¬

216 1533 297 1593 gung
319 1533 373 1593 zum
417 1533 612 1593 Kornland,
639 1530 666 1590 in
694 1527 823 1587 Absicht
851 1527 910 1587 auf
927 1524 1019 1584 dessen
1057 1527 1236 1587 natürliche

575 1576 700 1636 Einige
731 1572 908 1632 Patrioten
949 1572 1054 1632 haben
1086 1572 1135 1632 bey
1166 1572 1221 1632 dem

216 1581 510 1641 Beschaffenheit.

214 1625 369 1685 Comtoir
395 1628 444 1688 der
470 1622 842 1682 Handlungszeitung,
873 1616 1093 1676 verschiedene
1124 1617 1239 1677 Sum¬

213 1675 283 1735 men
310 1676 548 1736 niedergelegt,
576 1672 679 1732 davon
706 1670 750 1730 ein
783 1667 885 1727 Preiß
913 1669 940 1729 zu
962 1669 1026 1729 600
1060 1667 1167 1727 Livres
1184 1669 1243 1729 auf

220 1727 306 1787 einen
335 1727 549 1787 Gegenstand
578 1724 688 1784 gesetzt
706 1721 833 1781 werden
862 1721 931 1781 soll,
955 1721 1006 1781 den
1036 1721 1087 1781 die
1117 1719 1243 1779 Gesell¬

209 1778 305 1838 schaft
336 1778 426 1838 selbst
457 1778 583 1838 wählen
620 1775 723 1835 wird.
772 1772 850 1832 Dem
899 1775 929 1835 zu
966 1775 1068 1835 Folge
1099 1775 1238 1835 kündigt

211 1825 251 1885 sie
275 1828 326 1888 den
356 1828 425 1888 2ten
461 1826 564 1886 Preiß
594 1825 646 1885 für
676 1822 739 1882 eine
768 1822 994 1882 Abhandlung
1029 1822 1087 1882 an,
1123 1823 1238 1883 welche

211 1876 266 1936 die
294 1876 564 1936 Beschreibung,
587 1876 636 1936 die
659 1873 835 1933 Ursachen,
858 1872 907 1932 die
930 1870 1134 1930 Wirkungen
1173 1873 1233 1933 und

212 1924 259 1984 die
286 1924 428 1984 Heilung
466 1924 518 1984 der
545 1921 778 1981 epidemischen
810 1918 1021 1978 Viehseuche,
1043 1918 1079 1978 am
1127 1921 1227 1981 besten

212 1969 397 2029 ausfuhren
441 1971 541 2031 wird.
589 1966 701 2026 Diese
728 1965 844 2025 Preise
872 1966 956 2026 sollen
993 1966 1019 2026 in
1047 1966 1131 2026 einer
1158 1969 1248 2029 Ver¬

213 2020 395 2080 sammlung
425 2020 474 2080 der
502 2017 680 2077 Akademie
703 2016 757 2076 auf
786 2017 835 2077 den
864 2017 963 2077 April
986 2018 1036 2078 des
1065 2017 1158 2077 1765
1176 2017 1236 2077 und

214 2070 306 2130 1766
330 2072 462 2132 Jahres
492 2073 636 2133 bekannt
660 2070 804 2130 gemacht
822 2067 971 2127 werden.
1019 2064 1093 2124 Die
1117 2067 1238 2127 Preiß¬

214 2124 356 2184 schriften
386 2124 504 2184 müͤssen
534 2126 563 2186 an
599 2124 645 2184 den
676 2121 781 2181 Herrn
806 2121 995 2181 Souvigny
1019 2118 1161 2178 gestellt,
1173 2117 1231 2177 und

213 2170 272 2230 vor
300 2172 348 2232 dem
392 2172 473 2232 1sten
506 2172 598 2232 Jan.
620 2170 669 2230 des
697 2169 897 2229 bestimmten
936 2173 1066 2233 Jahres
1104 2171 1141 2231 an
1175 2166 1228 2226 den

215 2222 322 2282 Herrn
355 2220 523 2280 Palerne,
539 2218 744 2278 beständigen
772 2218 966 2278 Secretaire
994 2225 1042 2285 der
1064 2220 1237 2280 Akademie

220 2267 400 2327 abgegeben
431 2264 576 2324 werden.
588 2267 630 2327 rc.
679 2264 787 2324 Unter
813 2266 860 2326 die
885 2270 999 2330 hiesige
1018 2275 1229 2335 Neuigkeiten

213 2316 273 2376 und
307 2315 534 2375 Erfindungen
563 2317 689 2377 rechnet
712 2315 778 2375 man
812 2316 894 2376 billig
918 2321 1006 2381 einen
1034 2325 1061 2385 so
1089 2323 1238 2383 genann¬

216 2364 263 2424 ten
293 2366 534 2426 harmonischen
565 2366 694 2426 Sessel.
725 2363 783 2423 So
807 2365 877 2425 bald
901 2372 971 2432 man
1002 2375 1119 2435 darauf
1144 2372 1243 2432 sitzet,

214 2418 285 2478 läßt
303 2414 355 2474 sich
380 2416 415 2476 an
445 2417 497 2477 dem
539 2417 651 2477 Abzug
681 2414 722 2474 ein
752 2415 887 2475 Geschoß
918 2423 1029 2483 nieder
1059 2426 1124 2486 und
1148 2423 1236 2483 brin¬

214 2467 264 2527 get
287 2464 332 2524 die
355 2465 491 2525 Walzen
520 2467 549 2527 in
578 2465 707 2525 Gang,
731 2464 782 2524 die
811 2464 844 2524 14
879 2470 1100 2530 verschiedene
1129 2474 1231 2534 Arien

212 2515 286 2575 nach
313 2515 472 2575 einander
499 2515 611 2575 spielen
649 2515 728 2575 ohne
755 2512 840 2572 einen
883 2521 999 2581 andern
1037 2523 1159 2583 Trieb,
1186 2523 1233 2583 als

221 2563 354 2623 welcher
384 2564 476 2624 durch
499 2565 557 2625 das
587 2561 703 2621 Sitzen
727 2563 900 2623 veranlaßt
918 2567 1017 2627 wird.
1070 2571 1145 2631 Bey
1169 2574 1220 2634 dem

218 2614 392 2674 Aufstehen
423 2614 531 2674 spielet
556 2614 603 2674 das
634 2611 857 2671 angefangene
882 2619 1062 2679 Stückchen
1087 2623 1231 2683 vollends

210 2666 300 2726 aus;
334 2661 378 2721 die
399 2661 516 2721 übrige
543 2663 614 2723 aber
635 2661 732 2721 hören
765 2661 843 2721 auf,
876 2662 929 2722 bis
955 2667 1020 2727 man
1053 2671 1124 2731 aufs
1151 2673 1229 2733 neue

218 2717 265 2777 sich
296 2712 458 2772 wiederum
501 2709 694 2769 niedersezt.
749 2706 796 2766 Zu
827 2710 929 2770 Brest
954 2714 1014 2774 hat
1032 2721 1141 2781 einer,
1165 2724 1237 2784 Na¬

215 2766 310 2826 mens
343 2761 509 2821 Picourt,
535 2762 733 2822 ehemaliger
760 2760 977 2820 Comödiant,
997 2765 1054 2825 das
1081 2772 1246 2832 Geheim¬

214 2817 267 2877 niß
291 2814 445 2874 erfunden
487 2811 540 2871 das
576 2808 771 2868 Seewasser
802 2810 855 2870 süß
891 2809 920 2869 zu
962 2815 1116 2875 machen.

215 2867 306 2927 gießt
326 2867 356 2927 es
381 2866 411 2926 in
443 2864 509 2924 eine
535 2858 590 2918 von
628 2860 676 2920 ihm
726 2861 818 2921 selbst
843 2861 1021 2921 erfundene
1053 2867 1243 2927 Maschine,

210 2915 233 2975 in
262 2918 372 2978 welche
396 2918 424 2978 er
448 2913 674 2973 verschiedene
693 2912 779 2972 ganz
809 2912 948 2972 geringe
977 2915 1099 2975 Dinge
1129 2918 1238 2978 wirft.
