2479 3508
236 327 356 387 Drang
392 325 484 385 tiefer
520 324 559 384 ein
596 321 624 381 in
659 323 798 383 Feindes
833 322 942 382 Land,

231 374 319 434 Hieb
353 374 435 434 viele
464 372 596 432 tausend
630 372 751 432 Feinde
779 372 883 432 nieder

242 422 288 482 In
323 423 398 483 allen
440 419 596 479 Neßeln,
626 419 672 479 die
702 419 741 479 ich
778 422 869 482 fand.

235 470 289 530 Da
328 472 415 532 lagen
454 470 530 530 denn
569 467 617 527 die
646 470 766 530 kleinen
805 470 924 530 Leichen

240 521 373 581 Gefällt
402 515 457 575 von
497 518 618 578 meinen
658 519 769 579 starken
809 521 986 581 Streichen

234 569 307 629 Bey
345 569 512 629 tausenden
550 570 697 630 gestreckt
729 567 786 627 vor
814 567 897 627 mir.

240 619 351 679 Stolz
374 619 468 679 dacht
491 618 534 678 ich
569 620 640 680 mich
680 619 724 679 als
763 615 1030 675 Ueberwinder,

242 658 302 718 Ich
335 667 407 727 war
435 670 478 730 ein
524 670 612 730 Kind
657 667 717 727 und
751 664 811 724 wie
840 664 889 724 die
917 664 1044 724 Kinder

235 714 334 774 Thun
375 719 427 779 gar
463 718 491 778 zu
533 718 584 778 oft
608 715 637 775 im
678 715 777 775 Alter
813 710 899 770 wir!

233 766 250 826 O
297 769 402 829 meine
438 766 625 826 Phantasie
667 763 707 823 ist
731 763 853 823 heftig,

241 816 354 876 Schon
389 813 549 873 dazumal
579 813 647 873 war
676 813 715 873 ich
757 814 944 874 geschäftig,

238 867 302 927 Als
330 862 373 922 ich
406 861 481 921 noch
514 864 622 924 meine
650 864 773 924 Heerde
812 864 914 924 trieb.

246 910 313 970 Itzt
343 912 416 972 aber
446 912 524 972 sieht
554 912 593 972 sie
623 912 725 972 andre
754 915 976 975 Schlachten,

241 960 356 1020 Denkt
386 962 460 1022 die,
484 963 530 1023 die
559 963 611 1023 sich
646 963 830 1023 unsterblich
860 963 1021 1023 machten,

239 1012 308 1072 Und
343 1010 424 1070 den,
454 1010 505 1070 der
535 1009 581 1069 sich
617 1013 802 1073 unsterblich
837 1010 976 1070 schrieb.

396 1049 430 1109 An
461 1050 495 1110 die
517 1052 727 1112 Chartenspieler
754 1049 792 1109 S.
810 1050 869 1110 191.
887 1046 951 1106 192.

240 1091 354 1151 Graf!
379 1096 427 1156 als
458 1094 500 1154 ich
526 1094 592 1154 fern
623 1094 676 1154 von
714 1096 798 1156 eines
830 1093 968 1153 Reichen
999 1089 1096 1149 Saal

232 1144 318 1204 Holz
345 1145 415 1205 trug
453 1145 506 1205 zum
555 1142 808 1202 kleingebauten
846 1142 996 1202 Heerde;

230 1188 289 1248 Da
325 1190 394 1250 war
421 1190 505 1250 mein
546 1190 636 1250 selbst
662 1186 802 1246 bereitet
833 1187 942 1247 Mahl

247 1236 323 1296 Mir
356 1237 540 1297 köstlicher,
573 1237 617 1297 als
650 1234 720 1294 jetzt
753 1234 841 1294 wenn
881 1234 925 1294 ich
964 1232 1091 1292 geladen
1130 1231 1251 1291 werde.

242 1288 315 1348 Bey
343 1289 512 1349 schwarzem
564 1288 660 1348 Brod
683 1287 745 1347 und
768 1283 898 1343 Waßer
915 1285 977 1345 aus
1000 1285 1050 1345 dem
1096 1282 1203 1342 Qvell

241 1340 322 1400 Saß
357 1339 485 1399 frisches
514 1339 601 1399 Roth
631 1341 688 1401 auf
718 1339 840 1399 meiner
864 1339 997 1399 Wange

231 1384 312 1444 Der
346 1390 493 1450 Morgen
532 1390 608 1450 fand
647 1387 729 1447 mein
762 1390 855 1450 Auge
889 1387 953 1447 hell

236 1437 307 1497 Und
337 1437 468 1497 munter
498 1437 622 1497 meinen
665 1437 759 1497 Geist
778 1435 807 1495 zu
837 1437 985 1497 frölichem
1028 1437 1229 1497 Gesange.*

369 1478 406 1538 An
431 1477 473 1537 den
498 1479 686 1539 Reichsgrafen
715 1479 736 1539 zu
761 1476 1099 1536 Stolberg=Wernigerode
1125 1479 1170 1539 S.
1179 1479 1224 1539 91.

243 1521 364 1581 Meine
387 1521 524 1581 Jugend
551 1521 635 1581 ward
662 1521 810 1581 gedrückt
832 1518 884 1578 von
916 1518 1080 1578 Sorgen,

241 1570 414 1630 Seufzend
455 1569 529 1629 sang
565 1569 599 1629 an
641 1568 790 1628 manchem
837 1563 1138 1623 Sommermorgen

239 1616 366 1676 Meine
388 1613 520 1673 Einfalt
547 1612 599 1672 ihr
626 1613 837 1673 gestammelt
859 1608 949 1668 Lied.

245 1663 347 1723 Nicht
377 1661 422 1721 dem
475 1661 646 1721 Jüngling
676 1660 796 1720 töneten
831 1657 985 1717 Gesänge

247 1712 333 1772 Nein
366 1712 419 1772 dem
460 1707 565 1767 Gott,
586 1709 639 1769 der
666 1709 718 1769 auf
745 1709 792 1769 der
819 1709 991 1769 Menschen
1025 1709 1150 1769 Menge

240 1760 320 1820 Wie
351 1765 406 1825 auf
432 1763 679 1823 Ameishaufen
711 1763 927 1823 niedersieht.

234 1814 331 1874 Ohne
364 1814 539 1874 Regung,
573 1814 623 1874 die
650 1814 695 1874 ich
729 1814 779 1874 oft
807 1811 1007 1871 beschreibe,

238 1861 334 1921 Ohne
367 1864 578 1924 Zärtlichkeit
611 1864 694 1924 ward
727 1864 771 1924 ich
804 1863 861 1923 zum
907 1859 1055 1919 Weibe,

229 1909 337 1969 Ward
367 1909 424 1969 zur
453 1910 614 1970 Mutter!

331 1945 371 2005 An
399 1945 439 2005 den
472 1945 626 2005 Domherrn
658 1943 703 2003 von
731 1942 871 2002 Rochow,
904 1941 949 2001 der
972 1942 1062 2002 gesagt
1081 1942 1176 2002 hatte,
1213 1944 1253 2004 die

234 1976 306 2036 Liebe
331 1978 404 2038 müße
428 1978 456 2038 sie
477 1978 579 2038 gelehrt
599 1977 676 2037 haben
705 1976 725 2036 so
750 1978 839 2038 schöne
860 1975 940 2035 Verse
961 1975 985 2035 zu
1010 1975 1111 2035 machen
1140 1975 1180 2035 S.
1197 1977 1245 2037 111

243 2020 301 2080 Als
328 2020 370 2080 ein
408 2020 567 2080 gerechter
594 2020 700 2080 Mann
732 2020 880 2080 verarmt
902 2020 955 2080 auf
977 2020 1082 2080 wenig
1115 2018 1225 2078 Stroh

232 2074 279 2134 Jm
322 2073 464 2133 Schlafe
488 2073 625 2133 lächelnd
661 2073 756 2133 liegt,
786 2073 839 2133 ihm
888 2073 1018 2133 träumt
1036 2070 1089 2130 von
1126 2068 1244 2128 Gottes

858 2121 1058 2181 Knechten,

237 2172 311 2232 Von
337 2175 481 2235 Engeln,
494 2172 537 2232 die
551 2172 600 2232 ihm
632 2169 726 2229 Brod
746 2169 814 2229 auch
840 2171 858 2231 in
884 2169 933 2229 der
953 2169 1059 2229 Wüste
1079 2166 1247 2226 bräͤchten;

238 2218 298 2278 So
321 2220 426 2280 schlief
449 2220 487 2280 ich
521 2217 631 2277 ehedem
676 2217 764 2277 sanft
781 2217 842 2277 und
865 2220 1002 2280 geruhig
1036 2221 1102 2281 ein.

235 2264 321 2324 Vier
338 2267 463 2327 Kinder
480 2264 513 2324 um
557 2264 627 2324 mich
661 2264 709 2324 her
737 2263 796 2323 und
824 2264 916 2324 neben
944 2270 1004 2330 mir
1026 2270 1063 2330 ein
1092 2267 1211 2327 Gatte,

244 2310 315 2370 Der
334 2315 436 2375 keinen
461 2312 550 2372 Gram
593 2314 629 2374 um
666 2312 755 2372 Brod
786 2312 846 2372 und
877 2314 954 2374 keine
973 2317 1129 2377 Pflichten
1160 2318 1232 2378 hatt

239 2366 303 2426 Als
334 2363 416 2423 über
435 2363 499 2423 mir
536 2363 576 2423 ein
606 2363 695 2423 Herr
720 2363 748 2423 zu
778 2362 867 2422 seyn.

300 2402 337 2462 An
354 2400 395 2460 den
417 2402 629 2462 Domdechanten
655 2402 796 2462 Freyherrn
818 2399 859 2459 von
880 2402 1001 2462 Spiegel,
1014 2408 1051 2468 zum
1081 2405 1235 2465 Diesenbera

239 2435 278 2495 als
299 2436 324 2496 er
345 2435 385 2495 sich
406 2436 547 2496 schlafloser
563 2437 663 2497 Nächte
684 2437 815 2497 beklagte,
836 2435 881 2495 und
907 2437 951 2497 daß
973 2438 997 2498 er
1018 2440 1063 2500 bey
1084 2443 1164 2503 Lichte
1185 2440 1235 2500 nich

240 2471 292 2531 gut
310 2470 370 2530 lesen
396 2470 491 2530 könnte
513 2470 552 2530 S.
565 2470 625 2530 279.

251 2511 335 2571 Jetzt
362 2515 433 2575 denk
460 2515 505 2575 ich
539 2515 591 2575 oft
611 2515 682 2575 zehn
722 2509 912 2569 Frühlinge
939 2515 1069 2575 zurücke

241 2562 314 2622 Und
343 2564 479 2624 staune,
503 2563 577 2623 was
611 2563 674 2623 mir
703 2557 942 2617 wiederfährt,

241 2613 327 2673 Mit
348 2611 441 2671 vollem
481 2612 600 2672 Herzen
634 2612 700 2672 an,
721 2610 787 2670 und
821 2608 887 2668 eine
915 2611 1027 2671 Thrän
1061 2612 1087 2672 im
1135 2617 1247 2677 Blicke

240 2663 366 2723 Frägt:
390 2661 565 2721 Himmel!
602 2661 649 2721 bin
680 2659 746 2719 ichs
777 2655 909 2715 werth?

399 2697 433 2757 An
459 2698 586 2758 Palemon
612 2697 654 2757 S.
671 2698 734 2758 216.

236 2745 312 2805 Die
345 2743 442 2803 andre
470 2742 616 2802 Blumen
644 2743 757 2803 sterben
796 2742 898 2802 bald,

237 2798 317 2858 Das
340 2796 391 2856 fein
422 2793 547 2853 gebaute
570 2791 673 2851 Moos
689 2793 896 2853 bleibt,wenn
919 2793 955 2853 sie
971 2793 1045 2853 schon
1075 2799 1230 2859 gestorben
1283 2790 1386 2850 Laut,
1409 2784 1467 2844 wie
1490 2781 1512 2841 im
1550 2784 1698 2844 Utzischen
1735 2787 1824 2847 Liede
1847 2784 1913 2844 voll
1936 2788 2061 2848 Scherz

239 2845 321 2905 Tief
342 2846 434 2906 unter
461 2841 589 2901 Schnee
615 2843 681 2903 noch
713 2844 955 2904 unverdorben.

229 2895 314 2955 Wie
334 2897 458 2957 ähnlich
485 2894 524 2954 ist
539 2894 571 2954 es
604 2893 689 2953 mir!
709 2896 768 2956 tief
795 2899 847 2959 lag
874 2897 913 2957 ich
940 2895 1031 2955 unter
1058 2894 1143 2954 Gram

1288 312 1373 372 Viel
1391 312 1523 372 schwere
1547 317 1656 377 Jahre
1686 320 1777 380 lang,
1795 320 1852 380 und
1882 318 1927 378 als
1957 318 2037 378 mein
2067 320 2199 380 Winter
2217 325 2308 385 kam,

1285 358 1349 418 Da
1377 360 1457 420 stand
1485 362 1522 422 ich
1550 366 1754 426 unverwelkt
1771 369 1830 429 und
1858 366 1938 426 fieng
1966 366 2025 426 erst
2047 369 2079 429 an
2106 369 2138 429 zu
2166 372 2306 432 grünen,

1299 407 1353 467 Ich
1376 408 1475 468 muste
1492 407 1546 467 wie
1564 410 1613 470 das
1636 415 1762 475 Moos,
1774 418 1823 478 dem
1862 414 1961 474 Glück
1978 416 2027 476 zum
2066 416 2193 476 weichen
2216 416 2303 476 Tritt

1294 452 1371 512 Dem
1415 455 1542 515 Thoreu
1570 458 1624 518 zur
1647 467 1851 527 Verachtung
1879 464 2011 524 dienen.

1295 503 1389 563 Einst
1401 503 1471 563 sterb
1496 505 1554 565 ichl
1561 506 1625 566 doch
1649 510 1719 570 mein
1744 511 1803 571 Lied
1827 513 1897 573 geht
1910 515 1991 575 nicht
2010 515 2056 575 zum
2087 512 2198 572 Grabe
2216 511 2286 571 mit!

1319 540 1387 600 Als
1410 543 1546 603 gedachter
1569 546 1755 606 Domdechant
1774 554 1855 614 etwas
1879 554 1960 614 Moos
1979 557 2024 617 vom
2056 557 2233 617 Harzgebirge
2251 556 2310 616 mit¬

1283 580 1419 640 gebracht
1436 578 1505 638 hatte
1531 580 1571 640 S.
1588 578 1650 638 340.

1282 621 1308 681 O
1351 622 1415 682 nur
1448 619 1501 679 den
1533 619 1677 679 Göttern
1709 625 1768 685 und
1800 628 1922 688 Helden

1292 675 1337 735 Zu
1371 670 1524 730 schreiben
1559 669 1649 729 diene
1672 670 1705 730 du
1746 673 1830 733 mir,

1288 721 1365 781 Und
1394 721 1521 781 göttlich
1555 718 1733 778 denkenden
1778 722 1944 782 Freunden

1292 773 1341 833 An
1381 771 1492 831 Tagen
1532 767 1620 827 ihrer
1649 766 1810 826 Geburt!

1361 808 1418 868 "An
1438 810 1475 870 die
1490 810 1596 870 goldene
1611 809 1692 869 Feder
1707 809 1750 869 von
1765 809 1889 869 Palemon
1909 810 2034 870 geschenkt
2058 812 2096 872 S.
2111 818 2149 878 64.

1294 850 1367 910 Der
1391 854 1571 914 Wahrheit
1595 852 1752 912 Stimme
1776 851 1832 911 wil
1850 849 1889 909 ich
1918 850 2069 910 brauchen

1292 902 1367 962 Und
1395 900 1454 960 solt
1476 903 1514 963 ich
1552 903 1677 963 meinen
1721 900 1829 960 Bißen
1857 897 1948 957 Brod

1299 948 1374 1008 Mit
1406 950 1500 1010 Salz
1525 951 1663 1011 bestreut
1689 950 1714 1010 in
1759 948 1846 1008 Eßig
1884 948 2040 1008 tauchen;

1296 996 1355 1056 So
1385 997 1491 1057 bliebe
1527 1001 1568 1061 sie
1599 1001 1681 1061 mein
1712 1000 1799 1060 gröst
1824 995 1953 1055 Gebot.

1300 1043 1373 1103 Sie
1393 1045 1465 1105 hieß
1513 1048 1572 1108 mir
1600 1049 1785 1109 Friedrichs
1813 1046 1932 1106 Sirge
1959 1046 2058 1106 singen

1294 1093 1367 1153 Und
1406 1094 1528 1154 wollten
1573 1097 1652 1157 seine
1685 1100 1802 1160 Feinde
1833 1097 1906 1157 mich

1296 1139 1338 1199 Zu
1365 1142 1481 1202 andern
1518 1145 1628 1205 Tönen
1667 1145 1803 1205 grausam
1852 1148 1994 1208 zwingen

1293 1189 1388 1249 Doch
1413 1190 1486 1250 säng
1510 1190 1552 1250 ich
1577 1193 1722 1253 sterbend
1747 1193 2019 1253 Friederich!

1434 1225 1481 1285 An
1509 1228 1548 1288 die
1572 1228 1639 1288 Frau
1663 1228 1710 1288 von
1742 1228 1903 1288 Reichmann
1931 1228 1974 1288 S.
1990 1231 2033 1291 88.

1289 1271 1366 1331 Der
1400 1270 1472 1330 mich
1511 1272 1566 1332 aus
1600 1273 1856 1333 unanständigen
1895 1274 2084 1334 Geschäften

1291 1324 1361 1384 Aus
1394 1321 1477 1381 einem
1523 1324 1729 1384 pöbelhaften
1762 1324 1851 1384 Leben
1884 1321 1968 1381 ohne
1994 1323 2071 1383 Ruh

1290 1377 1560 1437 Herausgerißen
1603 1375 1663 1435 mit
1700 1377 1753 1437 des
1784 1378 2121 1438 Menschenfreundes
2158 1375 2296 1435 Kräften

1295 1425 1392 1485 Mein
1422 1427 1554 1487 theurer
1589 1426 1761 1486 Kottwitz!
1791 1428 1842 1488 der
1866 1428 1923 1488 bist
1947 1430 1998 1490 du.

1289 1473 1366 1533 Daß
1403 1476 1564 1536 Friedrich
1595 1476 1702 1536 jüngst
1727 1478 1774 1538 des
1810 1478 2044 1538 Musengottes
2068 1476 2163 1536 Flöte

1287 1523 1364 1583 Von
1395 1524 1493 1584 seinen
1525 1527 1741 1587 liederreichen
1773 1524 1886 1584 Lippen
1917 1527 2036 1587 nahm,
2057 1530 2113 1590 und
2140 1530 2201 1590 mir

1294 1569 1457 1629 Entgegen
1486 1569 1633 1629 lächelte,
1651 1572 1712 1632 wie
1735 1575 2159 1635 Frühlingsmorgenröthe

1291 1610 1307 1670 O
1344 1613 1502 1673 Freund!
1530 1613 1598 1673 dies
1620 1613 1699 1673 alles
1726 1616 1805 1676 dank
1833 1616 1874 1676 ich
1901 1619 1970 1679 dir.

1293 1662 1345 1722 Du
1387 1663 1540 1723 machtest
1564 1661 1628 1721 mir
1653 1661 1681 1721 in
1718 1661 1911 1721 sorgenlosen
1947 1666 2053 1726 Tagen

1286 1715 1351 1775 Zum
1399 1715 1577 1775 Elisäersitz
1602 1712 1654 1772 das
1691 1712 1851 1772 prächtige
1882 1709 2035 1769 Berlin;

1287 1765 1353 1825 So
1375 1769 1462 1829 ward
1496 1767 1570 1827 einst
1591 1766 1684 1826 übers
1712 1764 1814 1824 Meer
1835 1761 1874 1821 ein
1909 1763 2043 1823 Dichter
2071 1766 2287 1826 fortgetragen

1285 1815 1364 1875 Von
1404 1817 1489 1877 einem
1530 1817 1746 1877 freundlichen
1780 1811 1962 1871 Delphin,

1287 1864 1360 1924 Und
1394 1865 1485 1925 ward
1508 1865 1564 1925 von
1604 1866 1666 1926 viel
1690 1864 1984 1924 hinzugestürmtem
2030 1861 2131 1921 Volke

1292 1915 1501 1975 Bewundert
1529 1915 1585 1975 und
1615 1916 1738 1976 gelobt.
1784 1919 1851 1979 Ich
1886 1915 1959 1975 aber
1982 1912 2089 1972 streife
2112 1912 2191 1972 schon

1296 1963 1374 2023 Mit
1392 1966 1499 2026 stolzem
1545 1966 1669 2026 Nacken
1698 1966 1731 2026 an
1760 1966 1810 2026 die
1834 1966 2037 2026 Lufterfüllte
2060 1963 2173 2023 Wolke

1291 2009 1452 2069 Getheilt
1469 2012 1525 2072 von
1568 2014 1692 2074 meiner
1724 2014 1817 2074 Leyer
1844 2017 1937 2077 Ton.

1351 2052 1437 2112 Siehe
1460 2052 1500 2112 den
1528 2052 1795 2112 Zueignungsgesang
1823 2052 1850 2112 an
1873 2055 1940 2115 ihren
1968 2055 2045 2115 ersten
2072 2052 2253 2112 Wohlthäter.

1290 2093 1379 2153 Mich
1410 2097 1482 2157 hört
1501 2097 1555 2157 der
1580 2094 1694 2154 eiserne
1719 2095 1820 2155 Held,
1839 2096 1899 2156 mir
1924 2097 2032 2157 horcht
2051 2100 2098 2160 der
2117 2100 2213 2160 ernste
2232 2098 2298 2158 Ge¬

1898 2145 2008 2205 sandte

1284 2193 1455 2253 Herunter
1478 2187 1649 2247 kommend
1672 2190 1729 2250 vom
1770 2193 1907 2253 Stuhle
1936 2193 1986 2253 des
2011 2197 2141 2257 Herrn.

1288 2242 1373 2302 Auch
1396 2240 1487 2300 höret
1499 2237 1617 2297 meinen
1640 2240 1785 2300 Gesang,
1791 2240 1850 2300 wer
1867 2240 1948 2300 sonst
1964 2237 2007 2297 die
2024 2241 2121 2301 Muse
2143 2248 2305 2308 verkante,

1287 2288 1361 2348 Des
1388 2288 1515 2348 Geitzes
1542 2288 1690 2348 Priester
1717 2291 1907 2351 vernehmen
1935 2288 1982 2348 ihn
2014 2288 2109 2348 gern.

1289 2339 1369 2399 Mir
1393 2342 1445 2402 gab
1474 2336 1538 2396 dein
1568 2336 1729 2396 liebender
1753 2342 1881 2402 Freund
1916 2339 1967 2399 der
1991 2336 2287 2396 Felsenspringerin

1889 2387 1995 2447 Laute

1285 2440 1297 2500 O
1341 2440 1397 2500 ihn
1435 2436 1497 2496 nur
1523 2435 1634 2495 denken
1667 2436 1747 2496 wird
1773 2440 1860 2500 süßer
1886 2435 2016 2495 Gesang

1292 2485 1337 2545 In
1360 2488 1410 2548 der
1428 2485 1507 2545 ganz
1525 2485 1694 2545 saphischen
1712 2489 1831 2549 Brust;
1837 2488 1882 2548 der
1894 2485 2109 2545 Liebesgötter
2126 2492 2296 2552 Vertraute

1283 2539 1388 2599 Ward
1412 2534 1484 2594 ich,
1507 2533 1563 2593 und
1591 2534 1668 2594 habe
1691 2537 1736 2597 die
1765 2539 1887 2599 Herzen
1916 2535 1937 2595 im
1983 2536 2122 2596 Zwang.

1292 2590 1380 2650 Mich
1403 2585 1490 2645 fühlt
1508 2581 1551 2641 der
1568 2586 1739 2646 wankende
1756 2587 1877 2647 Greis,
1883 2585 1927 2645 die
1944 2587 2098 2647 abgelebte
2121 2594 2297 2654 Matrone,

1293 2638 1384 2698 Mich
1408 2634 1477 2694 lobt
1501 2632 1546 2692 der
1576 2638 1766 2698 Jünglinge
1789 2635 1973 2695 klopfendes
2003 2636 2083 2696 Herz

1286 2687 1366 2747 Das
1386 2682 1540 2742 Mädchen
1574 2687 1707 2747 fürchtet
1722 2688 1768 2748 den
1795 2685 1908 2745 Pfeil!
1929 2683 1955 2743 er
1982 2687 2102 2747 rauscht
2130 2690 2149 2750 im
2190 2691 2296 2751 saphi=

1887 2733 1963 2793 schen
1999 2737 2093 2797 Tone

1376 2823 1415 2883 An
1443 2817 1527 2877 Herrn
1559 2821 1603 2881 Utz
1621 2825 1661 2885 S.
1680 2826 1742 2886 186.
1760 2826 1818 2886 187.

1279 2874 1338 2934 Ich
1379 2869 1470 2929 gleich
1511 2865 1563 2925 der
1584 2870 1788 2930 summenden
1829 2867 1940 2927 Biene

2212 2917 2288 2977 Die
