2479 3508
192 296 335 356 hauerey
364 300 524 360 gewesen,
541 296 651 356 welche
674 291 768 351 diesen
796 288 929 348 Winter
946 291 1090 351 gedruckt
1112 291 1206 351 wird.

196 346 320 406 Ferner
342 348 380 408 ist
402 347 445 407 ein
473 345 684 405 italienisches
712 339 826 399 Werk,
854 339 934 399 wozu
968 342 1043 402 über
1065 342 1206 402 hundert

192 395 326 455 Kupfer
343 395 397 455 von
430 392 489 452 mir
511 389 712 449 entworfen,
718 388 810 448 unter
832 389 880 449 dem
924 392 1032 452 Titel:
1060 389 1210 449 Erklä¬

192 444 305 504 rung
337 440 542 500 schwerer
579 437 754 497 Puncte
791 436 827 496 in
870 440 936 500 der
979 440 1208 500 Mytholo¬

191 494 285 554 gie,
303 494 374 554 den
416 485 693 545 Gebräuchen
742 485 818 545 und
854 488 925 548 der
961 489 1079 549 alten
1121 488 1208 548 Ge¬

194 539 401 599 schichte,
448 533 552 593 alles
611 536 691 596 aus
743 539 1044 599 unbekannter
1091 536 1206 596 Den¬

196 586 417 646 kungsart
450 581 520 641 des
553 584 866 644 Alterthums,
889 586 1002 646 welche
1029 586 1099 646 hier
1132 586 1186 646 zum

196 634 292 694 ersten
320 631 411 691 mahl
428 628 601 688 erscheinen
628 634 780 694 werden;
808 637 910 697 dieses
932 635 1029 695 Werk
1057 635 1077 695 in
1111 634 1202 694 Folio

195 682 264 742 laße
291 679 332 739 ich
370 679 428 739 auf
455 679 566 739 eigene
593 685 710 745 Kosten
742 685 768 745 in
800 685 874 745 Rom
911 685 1060 745 drucken.
1113 683 1208 743 Bey¬

190 729 288 789 laufig
314 727 437 787 arbeite
456 730 493 790 ich
525 731 556 791 an
594 733 680 793 einer
711 736 935 796 Allegorie
960 736 1028 796 für
1059 733 1207 793 Künst¬

193 775 283 835 ler.

251 820 370 880 Dieses
404 825 444 885 ist
471 829 530 889 das
564 831 663 891 Leben
697 831 763 891 und
797 831 843 891 die
877 831 1030 891 Wunder
1057 831 1202 891 Johann

192 876 494 936 Winckelmanns,
523 881 552 941 zu
581 880 735 940 Stendal
759 881 786 941 in
816 882 866 942 der
890 882 1067 942 Altmark,
1091 885 1119 945 zu
1148 881 1216 941 An¬

200 924 273 984 fang
303 926 359 986 des
388 924 473 984 1718
503 930 610 990 Jahrs
634 928 804 988 geboren!

251 975 369 1035 Meine
397 978 650 1038 Nebenstunden
683 978 790 1038 wende
818 978 855 1038 ich
894 978 947 1038 auf
975 978 1023 1038 die
1045 978 1201 1038 arabische

197 1027 352 1087 Sprache
382 1028 445 1088 und
486 1028 556 1088 eine
585 1031 799 1091 Sammlung
834 1028 892 1088 von
928 1031 1210 1091 Alterthümern,

436 1216 631 1276 Berlin,
657 1216 713 1276 den
764 1219 826 1279 10.
852 1219 971 1279 Merz.

250 1273 323 1333 Se.
341 1271 482 1331 Königl.
499 1273 640 1333 Majest.
658 1272 753 1332 haben
788 1273 838 1333 den
861 1276 991 1336 Fürsten
1026 1275 1081 1335 von
1105 1275 1211 1335 Schö=

194 1315 490 1375 naich=Carolath,
515 1317 624 1377 Ritter
649 1315 701 1375 des
726 1317 898 1377 schwarzen
922 1318 1161 1378 Adlerordens,
1171 1320 1199 1380 zu

196 1361 294 1421 Dero
322 1363 643 1423 außerordentlichen
672 1361 909 1421 Ambassadeur
933 1360 984 1420 bey
1017 1360 1072 1420 der
1096 1360 1212 1420 Repu¬

198 1407 272 1467 blick
298 1404 454 1464 Pohlen,
485 1407 510 1467 zu
541 1405 590 1465 der
616 1405 883 1465 bevorstehenden
914 1404 1146 1464 Königswahl
1167 1403 1211 1463 er¬

191 1455 315 1515 nannt.
372 1452 517 1512 Vorigen
549 1452 760 1512 Donnerstag
787 1455 983 1515 überreichte
1010 1455 1097 1515 Herr
1124 1451 1206 1511 For¬

196 1503 268 1563 mey
302 1503 351 1563 der
385 1506 563 1566 Academie
597 1505 652 1565 der
686 1506 953 1566 Wißenschaften
992 1507 1042 1567 des
1076 1504 1203 1564 Paters

199 1554 330 1614 Bertier
358 1554 521 1614 Principes
549 1554 724 1614 Physiques
752 1554 839 1614 pour
862 1557 959 1617 servir
987 1557 1020 1617 de
1043 1557 1124 1617 suite
1146 1557 1206 1617 aux

198 1605 363 1665 Principes
390 1608 668 1668 mathematiques
690 1608 720 1668 de
742 1609 897 1669 Neuton,
908 1609 917 1669 à
944 1610 1031 1670 Paris
1053 1608 1083 1668 de
1109 1608 1207 1668 l'Im-

200 1658 354 1718 primerie
378 1658 477 1718 roiale
500 1659 611 1719 1764.
633 1658 644 1718 3
672 1660 750 1720 Vol.
762 1661 783 1721 in
812 1661 850 1721 8.
879 1662 967 1722 nebst
990 1661 1073 1721 einem
1112 1661 1212 1721 Brie=

195 1708 226 1768 fe
253 1706 305 1766 vom
348 1709 511 1769 Verfaßer
533 1709 590 1769 und
618 1712 675 1772 vom
718 1712 818 1772 Herrn
850 1712 1082 1772 d’Alembert.
1109 1710 1208 1770 Hier¬

199 1755 257 1815 auf
285 1757 387 1817 verlaß
415 1757 496 1817 Herr
524 1757 626 1817 Prof.
648 1757 804 1817 Gleditsch
832 1760 859 1820 in
881 1757 1037 1817 deutscher
1054 1762 1205 1822 Sprache

200 1805 305 1865 einige
338 1810 613 1870 Beobachtungen
650 1807 729 1867 über
761 1808 809 1868 die
836 1808 893 1868 vom
941 1808 1047 1868 Herrn
1085 1811 1131 1871 J.
1158 1811 1211 1871 P.

201 1855 333 1915 Jacobi
356 1855 538 1915 angestellte
572 1852 733 1912 Versuche
761 1856 849 1916 einer
878 1855 1066 1915 künstlichen
1105 1859 1215 1919 Lachs¬

200 1901 264 1961 und
291 1904 612 1964 Forellenleichung.

456 1963 660 2023 Leipzig,
699 1960 748 2020 den
786 1960 804 2020 4
836 1962 953 2022 März.

252 2025 326 2085 Von
356 2024 506 2084 Dresden
547 2025 726 2085 vernimmt
744 2025 843 2085 man,
872 2023 923 2083 daß
953 2023 1004 2083 der
1034 2025 1213 2085 Churfürst

201 2076 238 2136 an
266 2073 346 2133 einem
391 2073 509 2133 leichten
536 2073 650 2133 Anfall
667 2076 715 2136 der
737 2073 1002 2133 Kinderblattern
1036 2073 1202 2133 unpäßlich

209 2121 268 2181 sey,
290 2124 344 2184 von
371 2125 463 2185 denen
491 2127 560 2187 man
593 2127 663 2187 aber
680 2127 766 2187 keine
788 2128 950 2188 schlimme
972 2126 1086 2186 Folgen
1113 2124 1215 2184 sürch¬

197 2172 243 2232 ten
272 2175 364 2235 darf.
412 2178 487 2238 Die
499 2178 691 2238 Regierung
715 2178 766 2238 hat
790 2178 837 2238 der
861 2177 1058 2237 Universität
1076 2175 1214 2235 Witten¬

202 2225 271 2285 berg
295 2227 346 2287 zur
364 2229 688 2289 Wiederaufbauung
711 2229 763 2289 der
787 2229 809 2289 im
856 2229 948 2289 Jahr
966 2226 1047 2286 1760
1082 2225 1133 2285 bey
1157 2225 1209 2285 der

205 2279 419 2339 Belagerung
447 2279 689 2339 eingeäscherten
716 2279 1039 2339 Vorwerksgebäude
1067 2270 1114 2330 des
1137 2272 1211 2332 dasi¬

200 2330 254 2390 gen
282 2330 508 2390 Convictorii,
526 2329 569 2389 die
592 2330 769 2390 Erichtung
792 2330 874 2390 einer
891 2326 1023 2386 Lotterie
1046 2321 1211 2381 zugestan¬

201 2378 276 2438 den,
298 2381 406 2441 welche
422 2381 481 2441 aus
504 2378 589 2438 8000
617 2378 752 2438 Loosen,
769 2380 860 2440 3607
888 2373 1119 2433 Gewinnsten,
1142 2366 1211 2426 dar¬

207 2429 298 2489 unter
324 2430 372 2490 der
391 2430 496 2490 gröste
521 2426 607 2486 2000
632 2426 755 2486 Rthlr.
774 2429 822 2489 ist,
842 2429 902 2489 und
928 2427 939 2487 8
972 2419 1124 2479 Prämien
1162 2413 1217 2473 be=

205 2479 296 2539 steht.
347 2477 420 2537 Die
451 2478 654 2538 sämmtliche
680 2479 815 2539 Einlage
846 2479 950 2539 macht
976 2476 987 2536 4
1025 2469 1148 2529 Rthlr.
1173 2463 1197 2523 in

206 2527 580 2587 conventionsmäßiger
607 2527 753 2587 Münze.

427 2590 703 2650 Hannover,
731 2588 786 2648 den
820 2590 836 2650 2
864 2590 985 2650 März.

258 2632 302 2692 Am
341 2634 379 2694 27
399 2638 500 2698 Febr.
514 2640 642 2700 wurden
669 2636 738 2696 Se.
752 2638 893 2698 Königl.
906 2639 1027 2699 Hoheit
1047 2632 1092 2692 der
1106 2626 1207 2686 Prinz

207 2682 390 2742 Friedrich,
416 2685 551 2745 zweyter
576 2685 679 2745 Sohn
712 2683 766 2743 des
791 2688 920 2748 Königs
951 2685 1006 2745 von
1032 2673 1215 2733 Großbrit=

206 2736 368 2796 tannien,
392 2733 571 2793 einmüthig
606 2736 664 2796 zum
705 2736 844 2796 Bischof
868 2738 925 2798 von
961 2731 1146 2791 Osnabrüg
1170 2725 1221 2785 er¬

206 2787 320 2847 wählt,
346 2784 406 2844 und
431 2784 503 2844 man
535 2787 619 2847 sagt,
644 2784 698 2844 daß
729 2784 777 2844 der
797 2787 881 2847 Herr
906 2789 967 2849 von
998 2785 1045 2845 dem
1089 2775 1216 2835 Busch,

205 2836 497 2896 Regierungsrath
532 2840 558 2900 zu
593 2841 729 2901 Stade,
757 2840 783 2900 im
825 2841 954 2901 Begrif
975 2841 1015 2901 ist
1043 2831 1131 2891 dahin
1159 2829 1212 2889 ab=

206 2891 370 2951 zureisen.

1244 291 1295 351 von
1324 292 1472 352 Münzen
1501 291 1563 351 und
1587 291 1644 351 von
1667 291 1838 351 Kupfern,
1862 291 1970 351 damit
1988 291 2027 351 ich
2051 291 2176 351 künftig
2205 288 2262 348 fer¬

1241 340 1297 400 ner
1320 339 1376 399 von
1406 342 1457 402 den
1486 339 1621 399 hiesigen
1651 342 1810 402 Schätzen
1839 342 1941 402 etwas
1964 342 2015 402 zum
2061 339 2254 399 Spielwerk

1244 389 1351 449 habe.

1290 437 1349 497 Ich
1374 437 1520 497 wünsche
1545 437 1617 497 dir,
1642 434 1696 494 daß
1728 435 1763 495 du
1800 440 1830 500 zu
1862 440 1909 500 der
1940 440 2195 500 Zufriedenheit
2214 437 2262 497 ge¬

1243 488 1356 548 langen
1385 485 1526 545 mögest,
1555 483 1599 543 die
1623 484 1662 544 ich
1691 485 1758 545 hier
1782 489 1917 549 genieße
1951 491 2008 551 und
2037 491 2177 551 genoßen
2201 491 2256 551 ha¬

1233 537 1291 597 be,
1315 537 1380 597 und
1410 536 1462 596 bin
1492 533 1656 593 beständig

1599 601 1691 661 Dein
1714 604 1859 664 getreuer
1889 606 2016 666 Freund
2040 608 2097 668 und
2121 610 2254 670 Bruder

1735 676 2080 736 Winckelmann.

1317 739 1354 799 N.
1371 742 1412 802 S.
1447 739 1483 799 Es
1517 739 1580 799 wird
1614 739 1667 799 eine
1688 739 1767 799 kleine
1789 736 1897 796 Schrift
1923 735 1968 795 von
1998 736 2035 796 der
2060 739 2214 799 Schönheit
2236 740 2256 800 in

1247 772 1288 832 der
1315 775 1432 835 Malerey
1460 772 1501 832 bey
1528 772 1581 832 euch
1608 772 1717 832 bekannt
1740 772 1873 832 geworden
1900 769 1972 829 seyn,
1991 769 2082 829 welche
2105 769 2142 829 der
2170 772 2256 832 Ritter

1248 807 1392 867 Mengs,
1409 804 1485 864 erster
1510 804 1651 864 Hofmaler
1671 804 1711 864 des
1736 804 1840 864 Königs
1865 801 1885 861 in
1913 803 2058 863 Spanien,
2075 803 2139 863 ohne
2164 802 2203 862 sich
2228 802 2248 862 zu

1247 838 1343 898 nennen
1372 837 1416 897 mir
1436 837 1626 897 zugeschrieben
1650 836 1711 896 hat.
1747 834 1784 894 Es
1813 834 1840 894 ist
1865 837 1974 897 derselbe
2002 837 2022 897 in
2051 837 2168 897 Madrit.
2204 834 2256 894 Fu¬

1244 873 1292 933 esli
1309 871 1337 931 ist
1358 870 1406 930 nur
1431 870 1471 930 der
1492 872 1646 932 Besorger,
1671 870 1780 930 welches
1805 869 1837 929 ich
1862 870 2000 930 erinnere,
2025 873 2085 933 weil
2106 873 2187 933 einige
2208 873 2260 933 die¬

1247 907 1298 967 sen,
1320 906 1401 966 einige
1423 906 1483 966 mich
1509 906 1581 966 selbst
1599 906 1642 966 für
1664 906 1706 966 den
1733 903 1861 963 Verfaßer
1883 906 1985 966 halten.

2015 958 2061 1018 Ich
2090 963 2197 1023 glaubte
2216 963 2258 1023 der

1313 960 1403 1020 Dieses
1434 968 1579 1028 Schreiben
1615 962 1676 1022 wird
1707 960 1756 1020 sehr
1787 960 1822 1020 alt
1848 960 1968 1020 werden.

1247 992 1317 1052 Herr
1339 992 1378 1052 P.
1396 992 1435 1052 G.

1535 995 1622 1055 würde
1648 992 1672 1052 es
1698 992 1743 1052 mit
1764 992 1805 1052 der
1827 994 1889 1054 Post
1911 995 2064 1055 abschicken.
2098 998 2202 1058 Addio!
2219 998 2252 1058 ich

1243 1032 1308 1092 gehe
1331 1028 1380 1088 mit
1402 1030 1441 1090 dem
1477 1032 1605 1092 Cardinal
1628 1031 1747 1091 Spinelli
1766 1030 1809 1090 auf
1832 1029 1858 1089 14
1880 1031 1951 1091 Tage
1973 1031 2021 1091 ans
2049 1034 2141 1094 Moer.

1352 1217 1601 1277 Frankfurt
1630 1216 1676 1276 am
1723 1218 1891 1278 Mayn,
1915 1219 1966 1279 den
1996 1217 2013 1277 1
2043 1216 2163 1276 März.

1299 1263 1374 1323 Des
1405 1264 1455 1324 zur
1476 1264 1663 1324 Einladung
1689 1261 1744 1321 zum
1780 1264 2023 1324 Wahlconvent
2044 1261 2251 1321 verordneten

1253 1306 1562 1366 Churmäynzischen
1592 1307 1959 1367 Wahlbothschafters,
1979 1303 2155 1363 Freyherrn
2190 1307 2244 1367 von

1246 1348 1369 1408 Erthal
1390 1349 1508 1409 Excell.
1539 1349 1637 1409 haben
1673 1351 1786 1411 bereits
1823 1351 1873 1411 bey
1900 1351 2116 1411 sämmtlichen
2147 1357 2255 1417 Chur¬

1244 1390 1354 1450 fürstl.
1365 1393 1587 1453 Botschaftern
1619 1394 1666 1454 die
1683 1396 1899 1456 gewöhnliche
1921 1400 2164 1460 Denunciation
2196 1405 2259 1465 fey=

1245 1440 1367 1500 erlichst
1389 1443 1574 1503 verrichtet,
1586 1443 1649 1503 und
1671 1445 1782 1505 gestern
1804 1446 1909 1506 wurde
1937 1449 1990 1509 auf
2011 1446 2090 1506 allen
2123 1451 2250 1511 Plätzen

1244 1491 1305 1551 und
1331 1491 1357 1551 in
1388 1493 1439 1553 den
1471 1494 1692 1554 vornehmsten
1729 1495 1877 1555 Straßen
1914 1494 1960 1554 der
1992 1496 2105 1556 Stadt
2126 1500 2172 1560 die
2198 1502 2254 1562 auf

1246 1542 1299 1602 den
1333 1542 1495 1602 künftigen
1528 1545 1761 1605 Sonnabend,
1778 1545 1832 1605 den
1865 1545 1929 1605 3ten
1957 1545 2076 1605 dieses,
2098 1548 2260 1608 bevorste¬

1243 1598 1342 1658 hende
1365 1597 1532 1657 Eröfnung
1555 1596 1604 1656 der
1627 1596 1966 1656 Wahlconferenzen,
1983 1597 2078 1657 unter
2101 1599 2261 1659 Trompe¬

1244 1649 1399 1709 tenschall
1411 1649 1566 1709 öffentlich
1596 1649 1734 1709 bekannt
1752 1651 1913 1711 gemacht.

1461 1700 1756 1760 Stuttgardt,
1785 1702 1841 1762 vom
1876 1703 1909 1763 18
1933 1703 2028 1763 Febr.

1294 1747 1365 1807 Die
1388 1748 1437 1808 auf
1454 1751 1526 1811 Sr.
1532 1751 1687 1811 Herzogi.
1698 1751 1836 1811 Durchl.
1853 1751 2080 1811 Geburtsfeste
2097 1751 2262 1811 angestell=

1251 1798 1277 1858 te
1294 1799 1579 1859 Feyerlichkeiten,
1586 1799 1696 1859 dauren
1724 1801 1787 1861 noch
1814 1802 1866 1862 alle
1883 1802 1973 1862 Tage
1989 1802 2265 1862 abwechselungs=

1252 1846 1343 1906 weise
1360 1843 1441 1903 fort.
1490 1848 1566 1908 Bey
1588 1849 1636 1909 der
1664 1849 1696 1909 am
1740 1849 1832 1909 16ten
1854 1849 1886 1909 d.
1908 1849 1935 1909 in
1962 1849 2011 1909 der
2039 1849 2174 1909 Gegend
2196 1849 2266 1909 De¬

1254 1893 1367 1953 derloch
1395 1892 1595 1952 angestellten
1623 1897 1736 1957 großen
1764 1899 1850 1959 Jagd
1873 1900 2002 1960 wurden
2035 1900 2094 1960 130
2116 1899 2262 1959 Hirsche,

1250 1944 1283 2004 25
1313 1939 1557 1999 Tannenböcke,
1581 1944 1637 2004 149
1672 1948 1786 2008 Rehe,
1804 1948 1895 2008 3900
1930 1948 2055 2008 Hasen,
2072 1948 2112 2008 41
2141 1950 2266 2010 Haupt=

1253 1988 1420 2048 schweine,
1437 1984 1496 2044 130
1524 1987 1637 2047 Keuler
1660 1991 1713 2051 und
1735 1993 1887 2053 Bachen,
1909 1996 1946 2056 54
1968 1996 2179 2056 Frischlinge,
2191 1996 2250 2056 129

1256 2037 1393 2097 Dachse,
1411 2031 1471 2091 300
1494 2031 1627 2091 Füchse,
1639 2034 1699 2094 111
1716 2039 1882 2099 Fasanen,
1900 2042 1961 2102 349
1989 2040 2171 2100 Feldhüner
2200 2043 2255 2103 und

1251 2088 1291 2148 27
1313 2083 1405 2143 wilde
1421 2079 1518 2139 Enten
1539 2078 1673 2138 erleget.
1719 2082 1874 2142 Hierauf
1890 2084 1956 2144 war
1982 2085 2007 2145 in
2039 2085 2090 2145 dem
2132 2085 2245 2145 großen

1252 2131 1494 2191 Redoutensaal
1511 2127 1560 2187 des
1578 2127 1809 2187 Opernhauses
1827 2133 1943 2193 großes
1965 2133 2119 2193 Concert,
2142 2133 2252 2193 wobey

1250 2181 1446 2241 sämmtliche
1464 2178 1641 2238 Cavaliers
1666 2181 1689 2241 in
1720 2181 1772 2241 der
1797 2184 2028 2244 Jagduniform
2070 2184 2265 2244 erschienen.

1252 2229 1384 2289 Gestern
1412 2226 1555 2286 Mittags
1578 2231 1671 2291 haben
1699 2234 1748 2294 des
1771 2234 2096 2294 Premierministers
2125 2237 2185 2297 und
2213 2237 2262 2297 ge¬

1252 2276 1704 2336 heimenrathsprasidenten,
1721 2285 1845 2345 Grafen
1867 2285 1920 2345 von
1943 2288 2190 2348 Montmartin,
2207 2287 2255 2347 des

1252 2327 1384 2387 obersten
1413 2330 1645 2390 Cämmerers,
1656 2336 1833 2396 Freyherrn
1856 2339 1911 2399 von
1939 2339 2071 2399 Urkuls,
2088 2339 2143 2399 des
2160 2339 2265 2399 Ober¬

1251 2375 1499 2435 Stallmeisters
1524 2386 1707 2446 Freyherrn
1743 2387 1802 2447 von
1832 2388 1986 2448 Röders,
2004 2390 2057 2450 des
2081 2387 2264 2447 Parforce¬

1250 2426 1589 2486 Oberjägermeisters
1621 2435 1809 2495 Freyherrn
1841 2437 1897 2497 von
1930 2436 2079 2496 Pöllnitz
2106 2437 2168 2497 und
2200 2437 2255 2497 des

1247 2478 1584 2538 Oberjagermeisters
1614 2485 1791 2545 Freyherrn
1821 2486 1880 2546 von
1904 2485 2099 2545 Brandstein
2129 2486 2205 2546 Exc.
2224 2485 2264 2545 rc.

1247 2527 1297 2587 die
1315 2527 1502 2587 anwesende
1520 2536 1655 2596 Fremde
1673 2536 1832 2596 tractiret.
1884 2536 2020 2596 Abends
2043 2536 2139 2596 gegen
2162 2536 2173 2596 7
2196 2533 2258 2593 Uhr

1250 2578 1342 2638 erhob
1372 2578 1417 2638 sich
1441 2583 1493 2643 der
1511 2586 1609 2646 ganze
1628 2587 1696 2647 Hof
1715 2587 1783 2647 nach
1813 2584 2086 2644 Ludwichsburg,
2104 2585 2138 2645 um
2179 2584 2260 2644 allda

1252 2629 1338 2689 einem
1382 2633 1684 2693 unbeschreiblichen
1717 2635 1804 2695 Feste
1826 2635 2086 2695 beyzuwohnen,
2108 2635 2161 2695 von
2195 2632 2243 2692 dem

1252 2679 1323 2739 man
1351 2679 1412 2739 erst
1435 2682 1522 2742 heute
1546 2685 1611 2745 früh
1634 2685 1954 2745 zurückgekommen.
2005 2684 2126 2744 Diesen
2149 2679 2253 2739 Abend

1253 2728 1286 2788 um
1326 2730 1337 2790 6
1372 2731 1439 2791 Uhr
1463 2734 1536 2794 wird
1565 2736 1593 2796 in
1622 2736 1673 2796 dem
1713 2733 1878 2793 Herzogl.
1890 2734 2099 2794 Opernhause
2123 2730 2264 2790 gespeist,

1255 2782 1311 2842 und
1340 2781 1459 2841 darauf
1482 2784 1635 2844 Redoute
1659 2782 1800 2842 gehalten
1834 2781 1981 2841 werden.

1527 2835 1715 2895 Utrecht,
1738 2832 1789 2892 den
1818 2832 1835 2892 1
1864 2832 1983 2892 März.

1304 2885 1437 2945 Gestern
1464 2888 1570 2948 wurde
1591 2888 1630 2948 ein
1657 2885 1856 2945 allgemeiner
1883 2881 2062 2941 Buß=Bei=
2070 2879 2122 2939 und
2149 2876 2262 2936 Dank=
