2479 3508
475 285 628 345 Leben
678 282 770 342 und
815 282 1039 342 Wunder

325 366 473 426 Herrn
515 366 718 426 Johann
766 367 1166 427 Winckelmanns

257 412 443 472 Präsidentens
472 407 514 467 der
533 405 715 465 Alterthümer
739 410 757 470 zu
786 410 842 470 Rom
884 410 935 470 und
959 407 1099 467 Serittore
1123 407 1169 467 der
1198 407 1277 467 Vati¬

292 443 420 503 canischen
446 440 629 500 Bibliotheck,
650 443 783 503 Mitglieds
813 443 850 503 der
876 443 992 503 Königl.
1009 441 1154 501 Englischen
1184 440 1279 500 Socie¬

292 474 336 534 tät
356 473 396 533 der
417 473 603 533 Alterthümer
628 474 652 534 zu
685 478 814 538 London,
835 474 878 534 der
907 476 1134 536 Maleracademie
1155 476 1199 536 von
1227 474 1279 534 St.

296 510 356 570 Luca
380 509 404 569 zu
429 509 485 569 Rom
522 509 570 569 und
595 509 635 569 der
656 512 838 572 Hetrurischen
866 509 886 569 zu
911 509 1028 569 Cortona
1053 509 1088 569 rc.

795 553 896 613 Rom,
921 551 968 611 den
993 552 1004 612 8
1029 551 1118 611 Dec.
1137 554 1251 614 1762.

519 598 570 658 per
594 598 641 658 tot
665 599 862 659 discrimina
891 598 980 658 rerum

445 649 629 709 Tendimus
660 649 684 709 in
715 649 863 709 Latium.

390 700 580 760 Theurester
613 697 738 757 Freund
777 697 836 757 und
881 700 1049 760 Bruder!

314 748 397 808 Du,
414 751 463 811 der
486 751 518 811 du
552 751 613 811 mir
642 748 691 808 der
714 748 835 808 einzige
863 745 958 805 übrig
992 750 1179 810 gebliebene
1208 748 1262 808 bist

266 797 301 857 an
333 801 462 861 welchen
488 796 529 856 ich
556 797 602 857 als
628 792 767 852 Bruder
789 795 949 855 schreibe!
975 796 1032 856 von
1058 798 1104 858 dir
1131 798 1280 858 glaubete

267 846 340 906 ich,
367 846 398 906 da
431 845 488 905 uns
515 842 631 902 Berge
653 843 715 903 und
742 844 842 904 Flüße
874 846 1037 906 trennen,
1059 849 1212 909 vergeßen
1239 849 1270 909 zu

267 894 359 954 seyn,
381 892 416 952 da
443 891 504 951 mir
526 894 593 954 dein
625 894 686 954 mir
718 897 940 957 angenehmes
968 895 1148 955 Schreiben
1175 897 1283 957 einge¬

273 942 431 1002 händiget
460 942 583 1002 wurde.
635 948 696 1008 Ich
730 948 815 1008 habe
844 948 872 1008 es
900 946 934 1006 an
963 945 1046 1005 Herz
1070 948 1131 1008 und
1160 947 1272 1007 Mund

272 992 456 1052 gedrücket,
473 990 548 1050 weil
565 992 597 1052 es
625 995 679 1055 von
712 993 804 1053 deßen
837 995 972 1055 Händen
1000 995 1140 1055 kommt,
1157 995 1184 1055 zu
1211 994 1259 1054 dem

269 1040 347 1100 mich
377 1040 444 1100 eine
479 1043 621 1103 geheime
644 1046 803 1106 Neigung
832 1046 883 1106 zog
918 1046 940 1106 in
980 1043 1031 1103 der
1054 1046 1145 1106 ersten
1179 1043 1281 1103 Blüte

276 1091 402 1151 unserer
425 1091 557 1151 Jahre.
608 1094 767 1154 Ichstelle
790 1094 872 1154 mir,
895 1094 956 1154 wie
979 1094 1006 1154 in
1039 1094 1121 1154 einem
1166 1093 1287 1153 Bilde,

267 1139 380 1199 unsere
397 1142 495 1202 ganze
517 1142 718 1202 jugendliche
740 1140 925 1200 Geschichte
942 1141 1017 1201 vor.

318 1184 382 1244 Du
408 1187 599 1247 verlangest,
615 1188 690 1248 mein
715 1185 851 1245 Schatz!
867 1187 967 1247 meine
993 1185 1284 1245 Lebensgeschichte

275 1235 306 1295 zu
328 1234 449 1294 wißen,
471 1233 528 1293 und
550 1231 628 1291 diese
645 1233 681 1293 ist
703 1232 771 1292 sehr
798 1234 881 1294 kurz,
898 1234 976 1294 weil
993 1234 1034 1294 ich
1061 1231 1193 1291 daßelbe
1214 1231 1277 1291 nach

273 1285 329 1345 dem
369 1284 487 1344 Genuß
516 1285 668 1345 abmeße.
720 1285 787 1345 M.
794 1282 1047 1342 Plautius,
1071 1283 1194 1343 Consul
1223 1281 1279 1341 und

273 1334 403 1394 welcher
427 1336 501 1396 über
525 1339 575 1399 die
599 1338 753 1398 Illyrier
777 1336 1000 1396 triumphiret
1029 1336 1143 1396 hatte,
1167 1333 1223 1393 ließ
1252 1333 1286 1393 an

280 1384 334 1444 sein
368 1384 560 1444 Grabmal,
583 1389 715 1449 welches
749 1387 798 1447 sich
826 1387 974 1447 ohnweit
997 1387 1112 1447 Tivoli
1140 1387 1278 1447 erhalten

276 1434 356 1494 hat,
384 1434 475 1494 unter
503 1436 578 1496 allen
617 1436 713 1496 seinen
757 1434 968 1494 angeführten
1007 1437 1136 1497 Thaten
1169 1437 1287 1497 setzen:

277 1480 419 1540 VIXIT.
443 1482 567 1542 ANN.
585 1483 655 1543 IX.
697 1485 762 1545 Ich
792 1485 904 1545 würde
922 1485 1046 1545 sagen:
1064 1485 1111 1545 ich
1129 1485 1212 1545 habe
1236 1485 1282 1545 bis

277 1527 304 1587 in
337 1532 392 1592 das
421 1533 509 1593 achte
537 1535 631 1595 Jahr
654 1533 776 1593 gelebt;
804 1533 904 1593 dieses
938 1533 976 1593 ist
999 1533 1048 1593 die
1071 1533 1142 1593 Zeit
1160 1530 1282 1590 meines

272 1582 489 1642 Aufenthalts
517 1581 542 1641 in
570 1581 643 1641 Rom
681 1581 739 1641 und
766 1581 786 1641 in
824 1578 940 1638 andern
962 1578 1110 1638 Stådten
1132 1578 1184 1638 von
1212 1574 1291 1634 Ita¬

272 1624 354 1684 lien.
407 1625 495 1685 Hier
521 1625 599 1685 habe
615 1625 651 1685 ich
672 1625 776 1685 meine
797 1625 947 1685 Jugend,
958 1622 1004 1682 die
1021 1622 1057 1682 ich
1083 1622 1177 1682 theils
1198 1622 1223 1682 in
1245 1618 1296 1678 der

272 1673 457 1733 Wildheit,
484 1673 579 1733 theils
606 1673 631 1733 in
664 1673 780 1733 Arbeit
801 1673 859 1733 und
881 1673 1039 1733 Kummer
1061 1673 1229 1733 verloren,
1246 1671 1293 1731 zu¬

276 1722 349 1782 rüͤck
367 1721 395 1781 zu
418 1721 508 1781 rufen
531 1721 689 1781 gesuchet,
701 1724 762 1784 und
780 1722 819 1782 ich
848 1724 943 1784 sterbe
961 1722 1152 1782 wenigstens
1176 1722 1294 1782 zufrie¬

274 1775 398 1835 dener;
422 1775 501 1835 denn
524 1775 564 1835 ich
587 1775 666 1835 habe
678 1775 775 1835 alles,
798 1775 866 1835 was
884 1775 923 1835 ich
946 1775 1117 1835 wünschte,
1134 1775 1293 1835 erlanget,

277 1827 303 1887 ja
325 1824 414 1884 mehr
436 1825 477 1885 als
504 1822 547 1882 ich
574 1825 721 1885 denken,
743 1824 843 1884 hoffen
875 1825 938 1885 und
965 1825 1134 1885 verdienen
1167 1825 1293 1885 konnte.

273 1873 337 1933 Ich
365 1872 413 1932 bin
446 1873 494 1933 bey
523 1870 566 1930 dem
610 1873 728 1933 grösten
756 1870 913 1930 Cardinal
941 1870 1000 1930 und
1023 1870 1126 1930 Enkel
1137 1872 1191 1932 von
1224 1870 1294 1930 Cle=

274 1918 367 1978 mens
393 1918 451 1978 XI,
462 1918 604 1978 (Albani)
625 1918 708 1978 nicht
728 1918 752 1978 zu
783 1918 920 1978 dienen;
931 1918 1059 1978 sondern
1084 1918 1187 1978 damit
1207 1918 1286 1978 mein

282 1966 367 2026 Herr
390 1966 470 2026 sagen
498 1966 611 2026 könne,
623 1965 676 2025 daß
693 1964 731 2024 ich
753 1966 801 2026 ihm
839 1963 1018 2023 angehöre.
1046 1966 1104 2026 Ich
1127 1966 1170 2026 bin
1197 1967 1283 2027 deßen

278 2012 606 2072 Bibliothecarius;
635 2013 707 2073 aber
731 2013 810 2073 seine
833 2014 928 2074 große
957 2016 1018 2076 und
1042 2014 1205 2074 prächtige
1228 2014 1295 2074 Bi¬

283 2064 432 2124 bliotheck
456 2064 484 2124 ist
502 2064 571 2124 blos
589 2065 617 2125 zu
641 2067 756 2127 meinem
797 2067 999 2127 Gebrauche,
1005 2067 1039 2127 ich
1063 2064 1166 2124 genieß
1190 2061 1293 2121 diesel=

278 2115 317 2175 be
329 2115 379 2175 für
403 2115 471 2175 mich
494 2116 607 2176 allein,
619 2117 652 2177 ich
675 2115 721 2175 bin
744 2118 800 2178 mit
817 2117 885 2177 aller
903 2118 1016 2178 Arbeit
1034 2113 1237 2173 verschonet:
1249 2110 1288 2170 ich

277 2163 356 2223 thue
383 2164 483 2224 nichts
515 2165 562 2225 als
584 2166 647 2226 mit
669 2164 843 2224 demselben
875 2164 1076 2224 ausfahren.
1124 2163 1176 2223 Es
1208 2161 1282 2221 kann

277 2211 367 2271 keine
394 2211 626 2271 Freundschaft
648 2211 786 2271 genauer
813 2211 902 2271 seyn,
924 2213 966 2273 als
993 2214 1051 2274 das
1078 2211 1278 2271 Verhältniß

282 2258 406 2318 worinn
429 2258 468 2318 ich
491 2258 547 2318 mit
565 2258 733 2318 demselben
757 2256 852 2316 stehe,
864 2258 993 2318 welches
1016 2263 1084 2323 auch
1107 2264 1168 2324 kein
1192 2261 1292 2321 Neid,

282 2305 346 2365 und
379 2306 443 2366 nur
466 2306 514 2366 der
548 2305 617 2365 Tod
650 2306 742 2366 allein
775 2306 910 2366 trennen
938 2311 1040 2371 kann.
1090 2314 1160 2374 Ihm
1204 2309 1301 2369 offen¬

285 2353 364 2413 bare
382 2354 426 2414 ich
455 2354 499 2414 die
523 2355 709 2415 geheimsten
737 2354 872 2414 Winkel
890 2357 1014 2417 meines
1037 2363 1206 2423 Herzens,
1229 2360 1285 2420 und

287 2402 331 2462 ich
353 2405 485 2465 genieße
514 2405 569 2465 von
597 2405 696 2465 seiner
724 2408 840 2468 Seiten
874 2405 939 2465 eben
973 2408 1051 2468 diese
1073 2411 1294 2471 Vertraulich.

289 2454 366 2514 keit.
415 2456 481 2516 Ich
500 2454 602 2514 schätze
627 2455 699 2515 mich
730 2455 789 2515 also
808 2454 862 2514 für
887 2455 971 2515 einen
1002 2459 1055 2519 von
1080 2460 1128 2520 den
1159 2458 1285 2518 seltenen

285 2503 461 2563 Menschen
484 2505 511 2565 in
534 2503 583 2563 der
601 2506 705 2566 Welt,
717 2506 821 2566 welche
844 2503 937 2563 völlig
966 2511 1120 2571 zufrieden
1149 2509 1209 2569 sind
1232 2509 1286 2569 und

290 2554 391 2614 nichts
415 2553 448 2613 zu
483 2556 652 2616 verlangen
693 2554 782 2614 übrig
817 2551 941 2611 haben.
987 2559 1105 2619 Suche
1129 2560 1213 2620 einen
1242 2560 1297 2620 an¬

287 2602 383 2662 dern,
400 2602 529 2662 welcher
551 2605 647 2665 dieses
675 2604 734 2664 von
761 2602 879 2662 Herzen
913 2601 998 2661 sagen
1026 2608 1128 2668 kann.

339 2647 471 2707 Bisher
494 2649 571 2709 habe
594 2652 632 2712 ich
660 2652 721 2712 alle
743 2652 804 2712 mir
827 2652 1042 2712 angetragene
1065 2655 1191 2715 Stellen
1220 2658 1297 2718 aus¬

289 2700 496 2760 geschlagen,
514 2700 588 2760 weil
606 2700 658 2760 für
681 2702 761 2762 mein
791 2698 877 2758 Alter
906 2700 1033 2760 gesorgt
1062 2703 1096 2763 ist
1120 2703 1142 2763 in
1178 2706 1292 2766 Dres¬

287 2751 369 2811 den;
398 2748 474 2808 denn
508 2747 579 2807 Se.
597 2751 646 2811 K.
663 2751 712 2811 H.
729 2749 784 2809 der
807 2748 994 2808 Churprinz
1017 2750 1071 2810 hat
1088 2754 1149 2814 mir
1171 2754 1287 2814 bereits

287 2800 343 2860 vor
367 2799 434 2859 vier
457 2796 586 2856 Jahren
615 2799 660 2859 die
683 2798 886 2858 ansehnliche
909 2796 965 2856 und
994 2799 1106 2859 ruhige
1129 2804 1236 2864 Stelle
1254 2805 1292 2865 ei¬

281 2852 338 2912 nes
365 2852 545 2912 Aufsehers
565 2849 649 2909 über
675 2852 765 2912 deßen
805 2851 952 2911 Museum
992 2852 1211 2912 angetragen,
1231 2855 1288 2915 und

1312 285 1380 345 mir
1403 288 1555 348 hierüber
1573 294 1781 354 wiederholte
1810 294 2076 354 Versicherungen
2105 297 2257 357 gegeben,
2286 297 2319 357 da

1315 334 1386 394 man
1418 334 1443 394 in
1475 339 1625 399 England
1656 345 1774 405 neulich
1795 345 1826 405 an
1858 345 1935 405 mich
1961 345 2106 405 gedacht,
2127 343 2173 403 wo
2194 344 2235 404 ich
2256 345 2328 405 neu¬

1322 380 1369 440 lich
1411 383 1482 443 auch
1506 386 1559 446 zum
1601 392 1785 452 Mitgliede
1809 392 1856 452 der
1880 395 2028 455 Königl.
2047 392 2260 452 Gesellschaft
2279 392 2325 452 der

1320 430 1579 490 Wissenschaften
1610 433 1652 493 bin
1689 442 1845 502 ernennet
1864 443 2015 503 worden.
2064 442 2118 502 In
2150 441 2239 501 dieser
2270 439 2330 499 Ab¬

1319 480 1390 540 sicht
1413 479 1473 539 und
1496 479 1534 539 um
1573 482 1650 542 mich
1684 486 1716 546 an
1750 491 1799 551 den
1828 491 1899 551 Hof
1916 493 2081 553 gebunden
2109 491 2136 551 zu
2170 489 2330 549 erhalten,

1321 529 1450 589 genieße
1474 530 1513 590 ich
1547 530 1615 590 noch
1644 533 1728 593 einen
1757 539 1858 599 Theil
1876 542 2000 602 meiner
2023 539 2193 599 Pension,
2210 539 2323 599 welche

1318 578 1384 638 mir
1407 580 1512 640 richtig
1540 578 1594 638 aus
1623 580 1673 640 den
1701 583 1834 643 Händen
1862 588 1912 648 des
1934 589 2062 649 Königs
2090 588 2183 648 selbst
2201 585 2250 645 bis
2273 585 2322 645 itze

1317 628 1534 688 ausgezahlet
1556 628 1703 688 worden,
1721 634 1927 694 ohnerachtet
1949 637 1985 697 ich
2012 640 2150 700 dieselbe
2166 640 2245 700 ganz
2267 637 2324 697 und

1319 677 1379 737 gar
1407 678 1495 738 selbst
1518 679 1694 739 freywillig
1728 682 1872 742 verbeten
1911 686 2021 746 hatte,
2049 689 2082 749 da
2110 690 2154 750 ich
2182 688 2237 748 vor
2260 686 2326 746 vier

1322 730 1448 790 Jahren
1477 730 1582 790 meine
1611 730 1699 790 itzige
1716 730 1827 790 Stelle
1855 733 1988 793 erhielt.
2038 736 2110 796 Bis
2133 739 2227 799 dahin
2250 737 2326 797 lebte

1315 780 1352 840 ich
1380 781 1478 841 außer
1506 781 1581 841 allen
1615 781 1876 841 Verhältnißen,
1904 781 1963 841 und
1986 781 2028 841 ich
2057 784 2143 844 hatte
2165 786 2203 846 ein
2231 786 2328 846 Paar

1324 830 1434 890 Jahre
1457 831 1500 891 die
1524 828 1661 888 Aufsicht
1684 831 1755 891 uber
1778 831 1827 891 des
1856 831 2021 891 Cardinal
2038 831 2237 891 Archinto
2266 834 2337 894 Bi¬

1324 876 1472 936 bliotheck
1501 879 1577 939 ohne
1600 882 1621 942 in
1656 882 1743 942 Sold
1766 882 1799 942 zu
1827 882 1948 942 stehen,
1965 881 2059 941 theils
2081 881 2158 941 weil
2175 882 2213 942 ich
2241 884 2268 944 es
2291 885 2318 945 in

1324 924 1373 984 dem
1424 926 1556 986 völligen
1601 930 1744 990 Genuße
1773 931 1894 991 meiner
1927 930 2066 990 Pension
2105 930 2187 990 nicht
2216 933 2320 993 nöthig

1322 972 1424 1032 hatte,
1452 976 1543 1036 theils
1571 978 1646 1038 weil
1668 978 1766 1038 dieser
1793 981 1928 1041 Mann,
1951 981 2080 1041 welcher
2107 979 2134 1039 in
2168 981 2318 1041 Dresden

1324 1019 1379 1079 das
1412 1024 1589 1084 Werkzeug
1622 1025 1743 1085 meiner
1772 1031 1975 1091 Bekehrung
2009 1031 2102 1091 war,
2136 1028 2224 1088 nicht
2252 1029 2318 1089 nach

1325 1067 1445 1127 meinem
1486 1071 1581 1131 Sinn
1612 1073 1792 1133 geschnitten
1823 1078 1909 1138 war,
1935 1079 2000 1139 und
2020 1079 2241 1139 vornemlich,
2257 1077 2332 1137 weil

1326 1115 1363 1175 ich
1391 1115 1461 1175 blos
1483 1120 1531 1180 als
1558 1119 1601 1179 ein
1623 1124 1898 1184 Königlicher
1915 1130 2232 1190 Pensionarius
2255 1127 2335 1187 wol¬

1327 1163 1353 1223 te
1380 1166 1522 1226 geachtet
1544 1168 1687 1228 werden.
1746 1169 1809 1229 Ich
1847 1172 1942 1232 genoß
1974 1175 2000 1235 zu
2037 1178 2169 1238 gleicher
2191 1180 2265 1240 Zeit
2287 1178 2334 1238 die

1330 1210 1562 1270 Freundschaft
1588 1213 1639 1273 des
1671 1213 1784 1273 großen
1821 1219 1981 1279 gelehrten
2018 1222 2193 1282 Cardinals
2230 1225 2338 1285 Pas¬

1326 1261 1484 1321 sionei;
1512 1261 1554 1321 ich
1575 1264 1729 1324 erschien,
1745 1264 1835 1324 wenn
1863 1264 1899 1324 ich
1931 1267 2021 1327 wolte
2043 1267 2074 1327 an
2107 1270 2197 1330 deßen
2224 1270 2340 1330 Tafel,

1325 1312 1369 1372 ich
1397 1315 1474 1375 fuhr
1508 1315 1568 1375 mit
1591 1315 1756 1375 demselben
1795 1318 1955 1378 beständig
1989 1318 2044 1378 aus
2078 1318 2204 1378 sowohl
2222 1318 2249 1378 in
2277 1318 2326 1378 der

1330 1366 1440 1426 Stadt
1463 1369 1507 1429 als
1535 1369 1601 1429 auch
1630 1367 1690 1427 auf
1707 1369 1763 1429 sein
1796 1370 1990 1430 Landhaus,
2018 1372 2079 1432 und
2102 1371 2173 1431 diese
2196 1369 2340 1429 Freund¬

1325 1416 1419 1476 schaft
1444 1416 1496 1476 hob
1527 1419 1603 1479 mich
1627 1419 1650 1479 in
1687 1419 1757 1479 Rom
1799 1419 1858 1479 und
1882 1422 1940 1482 gab
1965 1422 2029 1482 mir
2054 1423 2183 1483 Credit.
2231 1419 2325 1479 Sein

1331 1461 1399 1521 Tod
1421 1465 1489 1525 war
1511 1467 1575 1527 mir
1602 1468 1644 1528 ein
1671 1467 1787 1527 großer
1815 1470 1962 1530 Verlust.

1378 1514 1451 1574 Vor
1480 1515 1547 1575 vier
1576 1518 1706 1578 Jahren
1746 1517 1813 1577 war
1842 1518 1881 1578 ich
1927 1521 2005 1581 neun
2040 1521 2186 1581 Monate
2204 1521 2237 1581 zu
2260 1521 2333 1581 Flo¬

1324 1560 1428 1620 renz,
1459 1560 1564 1620 wohin
1600 1561 1640 1621 ich
1670 1563 1800 1623 berufen
1831 1566 1921 1626 war,
1937 1566 1981 1626 die
2012 1569 2253 1629 Beschreibung
2284 1569 2328 1629 der

1330 1602 1556 1662 geschnittenen
1586 1607 1708 1667 Steine
1729 1608 1778 1668 des
1803 1608 1920 1668 Baron
1951 1610 2004 1670 von
2034 1615 2176 1675 Stosch
2211 1615 2240 1675 zu
2275 1616 2338 1676 ma¬

1331 1652 1420 1712 chen.
1468 1652 1531 1712 Ein
1568 1652 1678 1712 halbes
1705 1654 1800 1714 Jahr
1827 1655 1948 1715 vorher
1975 1655 2043 1715 that
2065 1658 2106 1718 ich
2133 1661 2238 1721 meine
2260 1661 2333 1721 erste

1327 1702 1427 1762 Reise
1443 1703 1508 1763 nach
1534 1703 1680 1763 Neapel,
1706 1702 1766 1762 und
1797 1700 1852 1760 von
1878 1700 1913 1760 da
1938 1703 2008 1763 nach
2034 1703 2206 1763 Taranto.
2252 1707 2332 1767 Den

1331 1756 1547 1816 vergangenen
1576 1754 1703 1814 Winter
1726 1754 1792 1814 that
1804 1754 1842 1814 ich
1865 1751 1992 1811 dieselbe
2010 1751 2059 1811 zum
2093 1754 2226 1814 zweyten
2249 1757 2337 1817 mahl

1330 1806 1388 1866 mit
1405 1805 1453 1865 dem
1487 1808 1741 1868 Cammerherrn
1769 1803 1822 1863 von
1855 1802 2023 1862 Brühl,
2051 1802 2175 1862 welchem
2219 1805 2256 1865 ich
2279 1807 2332 1867 das

1333 1855 1675 1915 Sendschreiben
1730 1855 1805 1915 von
1861 1855 1931 1915 den
1986 1852 2327 1912 herculanischen

1322 1904 1646 1964 Entdeckungen
1681 1906 1919 1966 zugeschrieben
1948 1903 2044 1963 habe.
2091 1900 2198 1960 Diese
2222 1903 2340 1963 künfti¬

1322 1959 1355 2019 ge
1389 1954 1494 2014 Fasten
1535 1954 1640 2014 werde
1663 1954 1701 2014 ich
1736 1956 1791 2016 zum
1837 1957 1948 2017 dritten
1994 1953 2088 2013 mahl
2105 1951 2200 2011 dahin
2229 1951 2351 2011 gehen,

1330 2002 1379 2062 bis
1402 2002 1468 2062 nach
1491 2005 1624 2065 Ostern,
1636 2005 1691 2065 und
1719 2005 1746 2065 in
1775 2005 1858 2065 einer
1886 2007 2108 2067 angenehmen
2137 2002 2347 2062 Gesellschaft

1330 2049 1434 2109 werde
1452 2052 1490 2112 ich
1524 2052 1611 2112 deine
1629 2055 1838 2115 Gesundheit
1866 2055 1888 2115 in
1922 2057 1971 2117 dem
2021 2056 2114 2116 besten
2148 2052 2336 2112 Syracuser

1332 2100 1557 2160 ausbringen.

1381 2148 1505 2208 Meine
1523 2147 1629 2207 vorige
1647 2147 1827 2207 Geschichte
1851 2151 1963 2211 nehme
1981 2154 2019 2214 ich
2043 2157 2115 2217 kurz
2139 2154 2341 2214 zusammen.

1333 2199 1378 2259 In
1408 2196 1668 2256 Seehausen
1697 2198 1766 2258 war
1784 2200 1824 2260 ich
1853 2202 2015 2262 achtehalb
2044 2205 2171 2265 Jahre,
2189 2203 2235 2263 als
2258 2203 2344 2263 Con¬

1326 2246 1424 2306 rector
1456 2246 1492 2306 an
1524 2243 1570 2303 der
1596 2243 1716 2303 dasigen
1753 2248 1898 2308 Schule.
1956 2248 2253 2308 Bibliothecarius
2284 2249 2336 2309 des

1330 2294 1435 2354 Herrn
1462 2294 1583 2354 Grafen
1615 2291 1668 2351 von
1700 2296 1858 2356 Bunau
1896 2300 1942 2360 bin
1969 2297 2006 2357 ich
2033 2297 2101 2357 eben
2133 2297 2154 2357 so
2181 2297 2275 2357 lange
2297 2297 2344 2357 ge¬

1327 2343 1459 2403 wesen,
1486 2344 1543 2404 und
1576 2342 1618 2402 ein
1656 2342 1745 2402 Jahr
1772 2348 1851 2408 lebte
1878 2348 1920 2408 ich
1947 2347 1973 2407 in
2005 2345 2159 2405 Dresden
2186 2344 2243 2404 vor
2265 2345 2344 2405 mei¬

1329 2394 1386 2454 ner
1410 2393 1519 2453 Reise.
1566 2391 1618 2451 In
1653 2393 1751 2453 dieser
1781 2395 1856 2455 Zeit
1874 2396 1942 2456 that
1960 2396 2000 2456 ich
2036 2393 2065 2453 in
2094 2393 2233 2453 gewißen
2262 2396 2342 2456 eige¬

1325 2441 1381 2501 nen
1402 2437 1698 2497 Angelegenheiten
1724 2445 1838 2505 binnen
1859 2443 1958 2503 zween
1984 2443 2144 2503 Monaten
2177 2441 2254 2501 zwey
2280 2448 2342 2508 mal

1337 2491 1397 2551 eine
1420 2488 1513 2548 Reise
1537 2488 1603 2548 nach
1626 2492 1814 2552 Potsdam;
1843 2494 1903 2554 und
1932 2494 1987 2554 der
2005 2492 2149 2552 Freund,
2166 2494 2215 2554 den
2238 2495 2276 2555 ich
2299 2499 2349 2559 be¬

1328 2542 1444 2602 suchte,
1468 2539 1526 2599 gab
1555 2536 1619 2596 mir
1643 2540 1730 2600 nicht
1748 2545 1818 2605 Zeit
1842 2542 1958 2602 Berlin
1988 2542 2016 2602 zu
2047 2542 2156 2602 sehen.

1378 2587 1485 2647 Wenn
1519 2584 1567 2644 die
1589 2587 1718 2647 Sachen
1746 2593 1772 2653 in
1800 2590 2021 2650 Deutschland
2049 2590 2092 2650 ein
2130 2593 2222 2653 beßer
2244 2596 2341 2656 Anse¬

1331 2641 1385 2701 hen
1419 2635 1607 2695 gewinnen,
1635 2639 1734 2699 werde
1757 2643 1795 2703 ich
1824 2641 1884 2701 eine
1901 2641 1995 2701 Reise
2012 2641 2094 2701 durch
2117 2642 2161 2702 die
2178 2643 2344 2703 Schweitz

1331 2688 1397 2748 nach
1426 2683 1565 2743 Sachsen
1594 2685 1705 2745 thun;
1734 2691 1806 2751 aber
1834 2688 1901 2748 nach
1929 2688 1996 2748 Rom
2036 2693 2148 2753 zuruͤck
2165 2694 2282 2754 gehen,
2293 2691 2337 2751 bis

1333 2739 1371 2799 ich
1404 2733 1587 2793 dasjenige,
1610 2733 1674 2793 was
1697 2738 1739 2798 ich
1767 2739 1967 2799 angefangen
2000 2742 2097 2802 habe,
2108 2742 2232 2802 endige.
2249 2739 2346 2799 Mei¬

1328 2787 1368 2847 ne
1397 2785 1501 2845 gröste
1536 2783 1657 2843 Arbeit
1692 2788 1726 2848 ist
1762 2790 1876 2850 bisher
1912 2787 1957 2847 die
1993 2793 2229 2853 Geschichte
2270 2787 2339 2847 der

1335 2841 1467 2901 Kunst
1498 2834 1569 2894 des
1613 2844 1921 2904 Alterthums,
1952 2844 2127 2904 sonderlich
2164 2839 2211 2899 der
2242 2835 2344 2895 Bild¬

2259 2885 2350 2945 hau=
