2479 3508
208 304 259 364 tag
283 303 446 363 gefeyert,
464 302 515 362 bey
539 300 673 360 welcher
696 300 923 360 Gelegenheit
941 300 993 360 sich
1023 300 1069 360 die
1093 303 1231 363 Collecte

213 355 266 415 der
288 353 494 413 reformirten
522 348 755 408 holländischen
777 351 907 411 Kirchen
935 351 1021 411 4292
1043 351 1124 411 holl.
1141 351 1178 411 fl.
1190 351 1238 411 be¬

213 404 288 464 lief,
299 399 358 459 161
376 401 413 461 fl.
424 398 510 458 mehr
533 395 576 455 als
598 395 619 455 im
658 398 782 458 vorigen
810 401 918 461 Jahr.
967 400 1021 460 In
1048 399 1130 459 einer
1152 400 1222 460 eben

210 456 235 516 so
256 449 437 509 reichlichen
464 445 660 505 Verhaltnis
691 448 795 508 waren
821 449 862 509 die
883 449 1038 509 Allmosen
1070 446 1121 506 der
1142 448 1230 508 fran¬

212 499 380 559 zösischen,
402 495 581 555 englischen
614 497 673 557 und
707 497 864 557 deutschen
903 497 1038 557 Kirche.
1104 495 1228 555 Briefe

210 549 270 609 aus
296 545 407 605 Paris
438 545 585 605 melden,
616 546 671 606 daß
707 545 798 605 Herr
829 546 975 606 Desnos
1006 545 1097 605 durch
1134 545 1224 605 einen

215 595 349 655 Spruch
381 595 432 655 des
459 595 676 655 Parlements
703 595 749 655 als
781 595 822 655 ein
854 595 1029 655 Gelehrter
1056 594 1143 654 Dieb
1175 592 1242 652 ver¬

212 646 353 706 urtheilt
373 646 525 706 worden,
551 646 631 706 weil
642 646 672 706 er
698 646 743 706 sich
774 646 864 706 unter
890 644 940 704 dem
981 646 1113 706 Namen
1144 643 1234 703 eines

212 697 392 757 polnischen
429 695 759 755 Frauenzimmers,
791 694 1007 754 Krasiowna,
1049 694 1121 754 eine
1163 691 1240 751 Be¬

212 748 396 808 schreibung
435 745 521 805 einer
549 742 776 802 französischen
826 742 1135 802 Meßkünstlerin,
1179 742 1233 802 der

217 798 297 858 Frau
338 795 362 855 le
383 794 499 854 Paute
524 792 579 852 von
610 792 660 852 den
691 790 857 850 Oertern,
883 792 917 852 an
948 795 1043 855 denen
1074 792 1119 852 die
1145 792 1240 852 Son=

212 844 451 904 nenfinsternis
484 840 538 900 des
571 840 669 900 ersten
708 840 821 900 Aprils
861 843 996 903 sichtbar
1024 845 1095 905 seyn
1139 844 1241 904 wird,

215 895 418 955 zugeeignet
434 888 508 948 hat.

492 938 670 998 Leyden,
694 942 747 1002 den
783 942 824 1002 2.
848 939 972 999 Merz.

267 987 347 1047 Der
371 987 556 1047 Churfürst
580 987 637 1047 von
679 987 771 1047 Cölln
800 990 835 1050 ist
870 989 921 1049 den
957 987 991 1047 28
1032 990 1136 1050 Febr.
1160 990 1235 1050 nach

224 1037 325 1097 Bonn
357 1040 585 1100 abgegangen,
612 1037 649 1097 um
702 1039 734 1099 in
771 1039 957 1099 Frankfurt
979 1035 1031 1095 der
1059 1037 1233 1097 römischen

223 1091 455 1151 Königswahl
473 1085 738 1145 beyzuwohnen.

491 1136 666 1196 Paris,
689 1136 745 1196 den
785 1133 841 1193 25.
870 1130 972 1190 Febr.

269 1184 346 1244 Der
378 1182 548 1242 bisherige
574 1181 734 1241 Minister
761 1178 817 1238 des
839 1178 988 1238 Herzogs
1025 1178 1082 1238 von
1124 1178 1242 1238 Zwey¬

216 1233 372 1293 brücken,
398 1231 483 1291 Herr
504 1228 691 1288 Packelbel,
701 1225 812 1285 würde
828 1225 878 1285 den
909 1225 1004 1285 14ten
1030 1222 1151 1282 dieses,
1167 1222 1217 1282 dem

219 1280 349 1340 König,
377 1281 431 1341 der
454 1279 600 1339 Königin
640 1275 699 1335 und
732 1275 786 1335 der
820 1276 967 1336 Königl.
984 1274 1114 1334 Famile
1142 1271 1240 1331 unter

225 1333 278 1393 dem
322 1333 500 1393 Character
522 1327 608 1387 eines
641 1328 820 1388 Ministers
847 1327 901 1387 des
934 1327 1139 1387 Landgrafen
1172 1324 1231 1384 von

222 1382 439 1442 Hessencassel
467 1381 668 1441 vorgestellt.
744 1380 820 1440 Der
858 1381 945 1441 Herr
984 1380 1162 1440 Blondeau
1201 1376 1233 1436 de

228 1431 422 1491 Charnage,
450 1428 660 1488 Pensionair
689 1425 744 1485 des
778 1428 933 1488 Königs,
950 1430 1038 1490 hatte
1066 1428 1116 1488 die
1145 1426 1238 1486 Ehre

224 1479 277 1539 den
304 1480 367 1540 17,
384 1479 415 1539 d.
432 1479 501 1539 Sr.
517 1479 612 1539 Maj.
635 1479 666 1539 zu
699 1476 901 1536 überreichen
933 1477 986 1537 den
1018 1476 1109 1536 ersten
1136 1476 1236 1536 Band

225 1527 274 1587 des
309 1527 550 1587 Dictionnaire
580 1526 634 1586 des
654 1524 747 1584 titres
773 1527 950 1587 originaux
975 1524 1058 1584 pour
1078 1524 1122 1584 les
1142 1524 1240 1584 Fiefs,

224 1577 248 1637 le
284 1575 456 1635 Domaine
487 1575 522 1635 du
548 1575 633 1635 Roi,
670 1572 867 1632 l'Histoire,
893 1572 918 1632 la
949 1569 1161 1629 Genealogie
1182 1569 1242 1629 &c.

225 1623 339 1683 Zween
380 1622 475 1682 Tage
506 1622 626 1682 darauf
652 1619 792 1679 übergab
828 1618 883 1678 dem
928 1616 1058 1676 Könige
1089 1613 1139 1673 der
1175 1613 1239 1673 Abt

224 1670 346 1730 Nollet
369 1670 416 1730 den
448 1667 576 1727 sechsten
608 1667 709 1727 Theil
731 1664 832 1724 seiner
864 1664 1248 1724 Experimentalphysik.

228 1715 299 1775 Die
322 1718 438 1778 hiesige
466 1715 611 1775 Königl.
628 1715 805 1775 Academie
822 1715 871 1775 des
888 1715 1071 1775 Feldbaues
1100 1715 1154 1775 hat
1172 1712 1243 1772 fünf

232 1766 311 1826 neue
334 1765 453 1825 Preise
476 1766 526 1826 für
550 1766 725 1826 diejenigen
754 1766 940 1826 ausgesetzt,
975 1769 1088 1829 welche
1111 1764 1162 1824 den
1196 1764 1246 1824 be¬

226 1815 283 1875 sten
326 1817 389 1877 und
427 1817 554 1877 meisten
592 1817 729 1877 Weitzen
772 1818 830 1878 auf
862 1818 951 1878 einem
1006 1819 1100 1879 Acker
1133 1817 1190 1877 von

228 1865 377 1925 Morgen
410 1867 639 1927 eingeerndtet
661 1864 789 1924 haben.
865 1864 976 1924 Diese
1004 1867 1121 1927 Preise
1143 1867 1233 1927 sollen

228 1917 293 1977 mit
310 1915 364 1975 dem
403 1915 560 1975 Anfange
593 1915 641 1975 des
681 1912 838 1972 1766sten
877 1912 1007 1972 Jahres
1040 1915 1235 1975 ausgetheil

227 1963 381 2023 werden;
411 1960 463 2020 der
488 1960 560 2020 erste
579 1959 617 2019 ist
637 1958 695 2018 von
724 1957 815 2017 500,
840 1957 893 2017 der
917 1957 970 2017 2te
990 1960 1047 2020 von
1081 1962 1168 2022 300,
1192 1963 1240 2023 der

235 2017 288 2077 3te
313 2011 367 2071 von
397 2008 455 2068 200
485 2007 548 2067 und
573 2007 621 2067 die
641 2008 753 2068 beyden
783 2008 885 2068 letzten
915 2008 969 2068 von
999 2011 1062 2071 100
1092 2011 1218 2071 Livres.

467 2055 684 2115 London,
722 2057 776 2117 den
820 2058 885 2118 21.
907 2060 1009 2120 Febr.

286 2106 362 2166 Den
396 2106 489 2166 17ten
523 2109 550 2169 d.
573 2110 683 2170 wurde
706 2109 728 2169 im
767 2111 955 2171 Oberhause
978 2111 1154 2171 beschlossen
1182 2109 1231 2169 den

232 2163 343 2223 König
365 2160 393 2220 zu
427 2162 588 2222 ersuchen,
616 2160 671 2220 daß
694 2160 783 2220 ihnen
811 2160 849 2220 ein
878 2163 1083 2223 Verzeichniß
1112 2159 1161 2219 der
1178 2157 1250 2217 Na¬

224 2211 477 2271 tionalschulden
509 2208 674 2268 vorgelegt
701 2208 829 2268 würde,
856 2207 918 2267 wie
939 2211 1052 2271 selbige
1079 2211 1135 2271 den
1162 2208 1228 2268 5ten

231 2259 326 2319 Jan.
342 2255 442 2315 dieses
469 2254 601 2314 Jahres
628 2252 792 2312 gestanden
830 2252 951 2312 haben.
999 2260 1046 2320 Am
1089 2258 1183 2318 17ten
1211 2258 1242 2318 d.

235 2305 319 2365 sollte
348 2303 415 2363 auch
444 2301 466 2361 im
512 2300 716 2360 Unterhause
734 2302 920 2362 entschieden
955 2310 1101 2370 werden,
1119 2308 1175 2368 daß
1198 2306 1237 2366 die

236 2351 502 2411 Bemächtigung
530 2351 602 2411 aller
630 2350 808 2410 derjenigen
836 2355 1025 2415 Personen,
1049 2359 1164 2419 welche
1182 2357 1248 2417 auf¬

226 2401 432 2461 ruhrerische
454 2399 759 2459 Schmähschriften
786 2401 997 2461 verfertigen,
1020 2410 1144 2470 drucken
1177 2408 1236 2468 und

233 2449 449 2509 ausbreiten,
470 2449 557 2509 zwar
584 2449 671 2509 durch
708 2450 888 2510 Beyspiele
915 2451 986 2511 aber
1018 2458 1239 2518 keinesweges

232 2499 326 2559 durch
349 2497 476 2557 Gesetze
499 2497 549 2557 sich
577 2497 721 2557 erhärten
750 2500 844 2560 ließe.
895 2498 944 2558 Es
967 2507 1150 2567 entstanden
1173 2506 1245 2566 aber

236 2554 262 2614 so
285 2548 501 2608 weitlänftige
529 2549 761 2609 Wortwechsel
784 2548 940 2608 darüber,
962 2554 1016 2614 daß
1049 2557 1097 2617 die
1130 2555 1249 2615 Unter¬

237 2599 368 2659 suchung
401 2596 495 2656 dieser
522 2599 675 2659 Materie
697 2596 765 2656 vier
787 2596 935 2656 Monate
973 2605 1146 2665 ausgesetzt
1168 2605 1247 2665 wer¬

236 2648 292 2708 den
326 2646 444 2706 muste.
491 2642 563 2702 Die
587 2646 846 2706 Versammlung
875 2646 1022 2706 währete
1051 2653 1101 2713 bis
1124 2652 1141 2712 5
1175 2655 1242 2715 Uhr

232 2698 288 2758 des
323 2694 515 2754 Morgens.
574 2692 658 2752 Den
693 2697 783 2757 18ten
825 2694 926 2754 dieses
955 2697 1074 2757 erhielt
1098 2703 1149 2763 der
1178 2706 1251 2766 Hof

238 2748 294 2808 vom
340 2742 464 2802 Grafen
499 2739 554 2799 von
584 2745 764 2805 Hertford,
788 2745 838 2805 des
867 2743 1002 2803 Königs
1026 2751 1189 2811 Minister
1213 2756 1240 2816 zu

235 2796 438 2856 Versailles,
467 2793 551 2853 einen
587 2796 779 2856 Expressen,
813 2793 915 2853 dessen
950 2798 1119 2858 Depechen
1154 2805 1250 2865 unter

237 2849 356 2909 andern
390 2847 490 2907 theils
511 2844 563 2904 die
584 2847 697 2907 Sache
724 2847 783 2907 des
804 2847 910 2907 Herrn
944 2847 1064 2907 Wilkes
1084 2854 1176 2914 theils
1204 2855 1250 2915 die

1275 306 1373 366 Pässe
1392 303 1446 363 für
1466 306 1514 366 die
1540 306 1669 366 Schiffe
1688 309 1830 369 betroffen
1861 306 1983 366 haben,
2009 307 2120 367 welche
2139 306 2187 366 sich
2207 310 2273 370 nach

1269 354 1366 414 denen
1393 354 1449 414 von
1480 354 1531 414 den
1568 359 1779 419 Engländern
1811 360 1841 420 an
1878 357 2069 417 Frankreich
2100 357 2156 417 und
2188 358 2285 418 Spa¬

1264 401 1334 461 nien
1373 401 1580 461 abgetretene
1603 407 1723 467 Inseln
1751 407 1887 467 begeben
1915 407 2029 467 sollen,
2063 404 2101 464 um
2140 404 2188 464 die
2211 406 2286 466 Gü¬

1263 449 1307 509 ter
1330 449 1379 509 der
1408 449 1524 509 dasigen
1559 455 1775 515 Unterthanen
1810 456 1859 516 des
1888 455 2021 515 Königs
2044 455 2283 515 einzuschiffen.

1270 498 1337 558 Die
1366 497 1553 557 Ansprüche
1577 500 1627 560 des
1656 502 1781 562 Grafen
1810 506 1866 566 von
1895 506 2048 566 Egmont
2066 505 2122 565 auf
2145 503 2191 563 die
2220 504 2287 564 St.

1276 548 1598 608 Johannis=Insel
1628 548 1651 608 in
1687 552 1794 612 Terra
1831 555 1932 615 Nova
1956 559 2021 619 sind
2046 557 2098 617 für
2129 553 2218 613 giltig
2248 554 2295 614 er¬

1273 597 1372 657 kannt
1395 596 1544 656 worden.
1595 592 1644 652 Er
1667 598 1777 658 behält
1800 601 1855 661 das
1878 605 2066 665 Eigenthum
2111 601 2205 661 dieser
2222 601 2288 661 In¬

1272 648 1330 708 sel,
1351 646 1468 706 welche
1490 646 1708 706 unmittelbar
1741 649 1793 709 vom
1831 653 1958 713 Könige
1975 655 2145 715 abhängen
2172 652 2230 712 und
2257 652 2278 712 in

1275 696 1310 756 50
1342 697 1475 757 Aemter
1502 695 1641 755 getheilt
1662 696 1780 756 werden
1812 699 1909 759 wird,
1940 703 1992 763 die
2024 706 2085 766 aus
2121 706 2203 766 einer
2235 703 2286 763 ge¬

1275 745 1379 805 wissen
1408 748 1540 808 Anzahl
1557 743 1661 803 freyer
1684 745 1821 805 adlicher
1844 750 2042 810 Lehnsgüter
2071 754 2208 814 bestehen
2231 754 2285 814 sol¬

1269 798 1339 858 len.
1388 796 1485 856 Nach
1513 792 1648 852 Briefen
1681 792 1741 852 von
1768 795 1898 855 Dublin
1937 796 2018 856 wird
2051 799 2077 859 in
2115 803 2164 863 dem
2213 802 2278 862 dasi

1274 850 1325 910 gen
1361 848 1557 908 Rathhause
1581 844 1633 904 das
1663 845 1830 905 Gemälde
1853 845 1905 905 des
1929 846 2154 906 Oberrichters
2184 852 2287 912 Pratt

1276 896 1300 956 in
1331 897 1558 957 Lebensgröße
1583 895 1644 955 und
1682 894 1712 954 in
1750 894 1848 954 seiner
1879 894 2131 954 Amtskleidung
2175 902 2285 962 aufge¬

1277 945 1357 1005 stellt
1380 945 1524 1005 werden.

1550 992 1696 1052 Riga,
1723 992 1773 1052 den
1812 990 1850 1050 1.
1883 990 2003 1050 Merz.

1322 1041 1374 1101 Im
1411 1040 1593 1100 verfloßnen
1618 1040 1724 1100 Jahre
1748 1040 1806 1100 sind
1831 1040 1854 1100 in
1884 1040 2014 1100 hiesiger
2032 1037 2143 1097 Stadt
2163 1040 2221 1100 und
2245 1043 2291 1103 ih¬

1271 1087 1324 1147 ren
1352 1087 1547 1147 Vorstädten
1575 1091 1705 1151 getauft
1728 1091 1852 1151 worden
1880 1091 1944 1151 970
1978 1088 2119 1148 Kinder,
2136 1087 2201 1147 399
2228 1091 2293 1151 Lei=

1275 1133 1344 1193 chen
1377 1135 1523 1195 beerdigt
1545 1139 1604 1199 und
1632 1139 1691 1199 274
1724 1139 1821 1199 Paar
1849 1139 2005 1199 copulirt.
2055 1133 2130 1193 Die
2147 1133 2292 1193 Russen,

1275 1184 1371 1244 theils
1399 1184 1588 1244 Garnison,
1599 1184 1696 1244 theils
1724 1187 1930 1247 Einwohner
1952 1187 2000 1247 der
2022 1184 2200 1244 Vorstädte
2217 1184 2276 1244 wer

1281 1231 1332 1291 den
1363 1231 1461 1291 nicht,
1471 1231 1517 1291 die
1538 1233 1631 1293 Letten
1658 1231 1729 1291 aber
1745 1234 1987 1294 mitgerechnet.
2039 1230 2111 1290 Von
2137 1234 2281 1294 Schiffen

1282 1280 1343 1340 sind
1364 1282 1425 1342 718
1457 1285 1695 1345 eingekommen
1726 1285 1782 1345 und
1814 1282 1875 1342 715
1907 1285 2020 1345 clarirt
2042 1282 2190 1342 worden.

1588 1385 1983 1445 AVERTISSEMENT.

1328 1433 1426 1493 Beym
1467 1436 1629 1496 Verleger
1653 1437 1751 1497 dieser
1775 1440 1908 1500 Zeitung
1932 1437 1966 1497 ist
1984 1437 2006 1497 zu
2031 1434 2163 1494 haben:
2182 1431 2297 1491 Dicti¬

1277 1485 1393 1545 onaire
1412 1483 1551 1543 portatif
1571 1484 1607 1544 de
1631 1488 1859 1548 Commerce,
1878 1485 2055 1545 contenant
2074 1482 2097 1542 la
2121 1485 2293 1545 Connois-

1277 1533 1365 1593 sance
1390 1530 1443 1590 des
1464 1530 1713 1590 Marchandises
1733 1533 1767 1593 de
1792 1536 1865 1596 tous
1885 1533 1924 1593 les
1944 1533 2037 1593 pais;
2072 1533 2110 1593 ou
2135 1533 2179 1593 les
2199 1533 2292 1593 prin-

1278 1575 1390 1635 cipaux
1415 1575 1443 1635 et
1467 1575 1637 1635 nouveaux
1661 1578 1803 1638 Articles
1823 1578 2021 1638 concernant
2041 1578 2065 1638 le
2082 1581 2299 1641 Commerce,

1275 1619 1515 1679 l'Oeconomie
1538 1619 1664 1679 rurale,
1683 1622 1728 1682 les
1747 1622 1919 1682 Finances,
1942 1625 1987 1685 les
2005 1625 2091 1685 Arts,
2110 1625 2150 1685 les
2169 1628 2295 1688 Manu-

1282 1668 1440 1728 factures,
1451 1667 1493 1727 les
1510 1667 1699 1727 Fabriques,
1711 1667 1736 1727 la
1753 1670 1996 1730 Mineralogie,
2012 1670 2059 1730 les
2070 1672 2239 1732 Drogues,
2250 1672 2292 1732 les

1281 1721 1423 1781 Plantes,
1434 1718 1477 1778 les
1493 1715 1615 1775 Pierres
1631 1718 1826 1778 précieuses,
1838 1718 1895 1778 &c.
1912 1720 1921 1780 7
1943 1718 2059 1778 Tomi,
2081 1720 2123 1780 8,
2140 1718 2298 1778 Coppen-

1277 1775 1389 1835 hague
1413 1774 1448 1834 36
1472 1772 1507 1832 fl.
1519 1772 1554 1832 12
1578 1769 1630 1829 gr.
1678 1772 1914 1832 Offenherzige
1938 1766 2114 1826 Nachricht
2138 1768 2191 1828 von
2221 1770 2267 1830 dem

1285 1825 1358 1885 heut
1381 1825 1409 1885 zu
1449 1824 1517 1884 Tag
1557 1823 1755 1883 vielfältigen
1790 1820 1976 1880 Verderben
2017 1818 2067 1878 der
2102 1819 2294 1879 Kauffleute

1283 1873 1341 1933 und
1362 1876 1647 1936 Banquerotirer,
1658 1875 1715 1935 und
1737 1876 1821 1936 deren
1843 1873 1974 1933 Ursach,
1986 1870 2017 1930 8,
2028 1867 2154 1927 Hamb.
2160 1867 2191 1927 u.
2207 1868 2291 1928 Leip.

1283 1921 1293 1981 1
1317 1925 1350 1985 fl.
1368 1924 1395 1984 18
1419 1926 1470 1986 gr.
1499 1926 1777 1986 Hamburgisches
1806 1924 1977 1984 Journal,
1989 1918 2068 1978 1stes
2086 1918 2211 1978 Stück,
2223 1917 2301 1977 Mo=

1284 1972 1337 2032 nat
1356 1975 1445 2035 Jan.
1458 1975 1566 2035 1764.
1573 1975 1614 2035 8.
1627 1975 1753 2035 Hamb.
1772 1975 1879 2035 15gr.
1928 1969 2006 2029 Der
2025 1967 2211 2027 Freygeist,
2241 1966 2283 2026 ein

1286 2025 1496 2085 Trauerspiel
1513 2024 1540 2084 in
1563 2025 1573 2085 5
1596 2023 1784 2083 Aufzügen,
1796 2025 1851 2085 von
1879 2023 1929 2083 dem
1963 2021 2067 2081 Herrn
2090 2020 2140 2080 von
2168 2017 2295 2077 Brave,

1282 2073 1313 2133 8,
1340 2072 1461 2132 Danz.
1488 2073 1524 2133 18
1552 2073 1604 2133 gr.
1657 2073 1895 2133 Theologische
1917 2073 2069 2133 Berichte
2096 2070 2154 2130 von
2186 2070 2281 2130 neuen

1282 2120 1428 2180 Büchern
1456 2121 1515 2181 und
1538 2121 1727 2181 Schriften,
1738 2120 1793 2180 von
1826 2123 1906 2183 einer
1929 2123 2135 2183 Gesellschaft
2152 2124 2178 2184 zu
2200 2121 2297 2181 Dan¬

1277 2172 1328 2232 zig
1352 2169 1554 2229 entworfen,
1579 2166 1659 2226 1stes
1683 2169 1804 2229 Stück,
1828 2172 1868 2232 8,
1892 2172 2014 2232 Danz.
2037 2174 2071 2234 15
2089 2172 2141 2232 gr.
2188 2172 2297 2232 Kurz=

1282 2220 1409 2280 gefaßte
1431 2217 1786 2277 Lebensbeschreibung
1820 2222 1880 2282 und
1915 2218 2291 2278 historisch-moralische

1284 2270 1535 2330 Abschilderung
1554 2267 1694 2327 Augusts
1714 2270 1762 2330 des
1788 2273 1879 2333 3ten,
1899 2270 2027 2330 Königs
2046 2269 2070 2329 in
2095 2267 2242 2327 Pohlen,
2261 2270 2297 2330 8,

1286 2321 1321 2381 12
1345 2321 1397 2381 gr.

1293 2422 1618 2482 Wechsel-Cours
1640 2409 1646 2469 &
1704 2417 1860 2477 Species
1875 2414 1909 2474 d.
1931 2412 1994 2472 16.
2016 2408 2143 2468 Mart.
2158 2411 2285 2471 1764.

1859 2471 1891 2531 11
1911 2461 2001 2521 Tage
2021 2461 2079 2521 376
2106 2461 2163 2521 gr.

1284 2473 1472 2533 Amsterdam
1504 2468 1541 2528 41
1567 2465 1648 2525 Tage
1668 2470 1798 2530 378gr.

1861 2514 1880 2574 6
1909 2512 1963 2572 W.
1984 2512 2126 2572 161gr.

1284 2524 1460 2584 Hamburg
1491 2518 1502 2578 3
1521 2518 1575 2578 W.
1582 2518 1642 2578 162
1667 2520 1721 2580 gr.

1758 2564 1915 2624 Dantzig

1288 2573 1402 2633 Berlin

1289 2623 1430 2683 Ducaten
1456 2617 1535 2677 neue
1554 2616 1597 2676 11
1623 2617 1659 2677 fl.
1672 2620 1702 2680 12
1721 2620 1777 2680 gr.
1839 2611 1975 2671 Alberts
2000 2608 2098 2668 Taler
2118 2612 2179 2672 169
2198 2613 2253 2673 gr.

1782 2664 1832 2724 Alt
1844 2664 1987 2724 Polnisch
2016 2662 2083 2722 Geld
2153 2663 2204 2723 pr.
2222 2660 2300 2720 Cto.

1289 2673 1401 2733 Rubel
1421 2673 1432 2733 4
1452 2671 1489 2731 fl.
1502 2667 1538 2727 24
1558 2667 1613 2727 gr.

1780 2733 1945 2793 Märcksch
1970 2730 2044 2790 Geld
2069 2730 2099 2790 10
2118 2730 2166 2790 pr.
2180 2723 2296 2783 Cento.

1288 2727 1359 2787 Alte
1486 2733 1544 2793 pr.
1563 2733 1682 2793 Cento.

1291 2824 1384 2884 Diese
1402 2819 1539 2879 Gelehrte
1562 2816 1616 2876 und
1639 2819 1799 2879 Politische
1822 2818 1943 2878 Zeitung
1971 2817 2042 2877 wird
2065 2817 2114 2877 des
2137 2814 2291 2874 Montags

1393 2864 1450 2924 und
1477 2861 1625 2921 Freytags
1647 2861 1673 2921 in
1695 2861 1742 2921 dem
1779 2864 1975 2924 Kanterschen
2008 2864 2182 2924 Buchladen

1679 2906 1901 2966 ausgegeben.
