2479 3508
254 308 348 368 ersten
380 306 499 366 Theils
531 306 587 366 auf
613 304 662 364 die
688 303 769 363 Luft
789 306 851 366 und
877 306 952 366 ihre
971 308 1253 368 Veränderungen

257 358 473 418 angewandt.
522 355 575 415 Im
619 351 754 411 zweyten
787 354 977 414 Abschnitte
999 354 1074 414 wird
1102 354 1155 414 das
1183 351 1274 411 Luft¬

255 406 334 466 meer
351 405 399 465 als
426 404 468 464 ein
501 404 698 464 Dunstkreis
726 407 917 467 betrachtet,
929 407 987 467 und
1009 404 1110 464 außer
1126 404 1276 464 verschie¬

255 455 351 515 denen
384 453 622 513 beträchtlichen
644 455 892 515 Anmerkungen
925 455 1001 515 über
1018 452 1185 512 Dämpfe,
1201 451 1276 511 Ne¬

256 502 324 562 bel,
346 500 484 560 Wolken
511 501 568 561 und
606 503 743 563 Regen,
771 503 839 563 eine
866 503 950 563 neue
972 503 1194 563 Eintheilung
1221 499 1268 559 der

255 554 477 614 Luftregionen
516 552 749 612 vorgetragen.
799 554 874 614 Die
902 553 977 613 erste
1000 554 1037 614 ist
1060 554 1108 614 die
1136 553 1271 613 Staub¬

257 601 510 661 Atmosphäre,
538 604 657 664 darauf
685 603 771 663 folgt
798 601 846 661 die
879 602 1085 662 wässerigte,
1107 603 1155 663 die
1178 599 1264 659 schon

257 652 332 712 weit
354 652 451 712 höher
479 652 598 712 reicht,
620 655 701 715 dann
739 652 787 712 die
821 652 1048 712 schleimigte,
1081 652 1140 712 und
1173 652 1281 712 phos¬

258 706 524 766 phorescirende,
546 703 666 763 welche
688 700 828 760 öhligte,
851 703 987 763 harzige
1004 703 1063 763 und
1090 703 1274 763 gummigte

254 754 378 814 Theile
400 754 551 814 enthält,
573 754 638 814 und
671 751 719 811 die
741 750 924 810 Werkstatt
953 751 1001 811 der
1028 751 1255 811 Sternschnup

249 806 341 866 pen,
369 804 422 864 der
456 801 673 861 Feuerkugeln
711 798 771 858 und
804 801 982 861 fliegenden
1016 804 1168 864 Drachen
1206 801 1271 861 ist:

250 855 358 915 zuletzt
381 850 426 910 die
450 849 580 909 geistige
603 849 853 909 Atmosphäre,
882 852 990 912 welche
1019 852 1070 912 sich
1093 852 1138 912 bis
1167 852 1201 912 an
1224 852 1269 912 die

254 901 391 961 Grenze
413 899 465 959 des
498 900 688 960 Luftkreises
720 902 932 962 ausbreitet,
964 903 1090 963 worinn
1123 903 1170 963 die
1197 902 1270 962 weit

256 951 412 1011 erstreckte
447 951 638 1011 Luftfeuer,
679 951 742 1011 wie
772 951 818 1011 die
853 951 1096 1011 Nordlichter,
1120 953 1275 1013 erzeuget

253 1001 399 1061 werden.
429 1001 661 1061 Allenthalben
690 1001 764 1061 trift
788 1001 855 1061 man
890 1000 969 1060 neue
992 998 1048 1058 und
1077 1003 1140 1063 sehr
1169 998 1281 1058 wahr¬

251 1052 432 1112 scheinliche
454 1052 730 1112 Vermuthungen
758 1052 816 1112 an,
843 1049 955 1109 welche
982 1049 1072 1109 wohl
1094 1052 1264 1112 verdienen

252 1101 314 1161 mit
335 1103 427 1163 denen
454 1100 734 1160 Erscheinungen,
755 1100 801 1160 die
822 1100 900 1160 schon
931 1097 1075 1157 bekannt
1092 1100 1174 1160 sind,
1206 1096 1278 1156 oder

251 1150 321 1210 noch
351 1151 538 1211 beobachtet
559 1148 679 1208 werden
710 1148 831 1208 solten,
857 1147 1058 1207 mehrmalen
1089 1148 1265 1208 verglichen

249 1200 274 1260 zu
306 1196 456 1256 werden.
508 1196 586 1256 Der
613 1194 736 1254 zweyte
758 1194 861 1254 Theil
883 1193 1017 1253 handelt
1049 1193 1074 1253 in
1106 1193 1179 1253 drey
1210 1192 1277 1252 Ab¬

251 1249 399 1309 schnitten
436 1246 494 1306 von
532 1243 584 1303 der
611 1245 759 1305 Bahn,
791 1240 843 1300 der
871 1243 1071 1303 Erzeugung
1109 1240 1172 1300 und
1199 1240 1251 1300 dem

252 1300 368 1360 Nutzen
402 1298 496 1358 dieses
524 1296 702 1356 Meteors.
752 1294 830 1354 Die
853 1294 924 1354 drey
953 1294 1191 1354 Kupferplaten
1225 1291 1275 1351 er¬

250 1349 369 1409 läutern
403 1351 455 1411 die
484 1348 654 1408 Theorie,
678 1348 728 1408 die
757 1345 894 1405 Gestalt
917 1348 973 1408 und
1008 1348 1059 1408 den
1088 1348 1190 1408 Weg,
1214 1347 1264 1407 den

248 1399 347 1459 dieser
375 1399 607 1459 Feuerklumpe
635 1399 828 1459 genommen
862 1399 933 1459 hat.
983 1399 1060 1459 Die
1088 1399 1264 1459 rühmliche

246 1449 463 1509 Achtsamkeit
485 1449 534 1509 des
562 1449 729 1509 würdigen
763 1449 871 1509 Herrn
910 1449 1051 1509 Pastors
1079 1449 1138 1509 auf
1160 1449 1203 1509 die
1230 1449 1262 1509 an

252 1500 419 1560 Wundern
457 1497 559 1557 reiche
587 1500 726 1560 Natur,
749 1499 841 1559 giebt
874 1497 922 1557 der
955 1497 1159 1557 studirenden
1198 1497 1273 1557 Ju¬

249 1551 352 1611 gend,
380 1550 428 1610 die
450 1548 499 1608 sich
532 1549 559 1609 zu
597 1548 771 1608 geistlichen
804 1548 955 1608 Aemtern
983 1548 1130 1608 geschickt
1152 1548 1271 1608 macht,

247 1599 334 1659 einen
361 1596 480 1656 Wink,
507 1596 563 1656 das
595 1596 652 1656 vor
673 1594 761 1654 ihren
798 1594 906 1654 Augen
933 1592 1010 1652 weit
1037 1593 1275 1653 aufgeschlage¬

247 1643 288 1703 ne
309 1643 407 1703 große
433 1640 526 1700 Buch
558 1640 604 1700 der
630 1640 863 1700 Schöpfung,
895 1637 951 1697 bey
977 1637 1085 1697 Zeiten
1122 1637 1200 1697 lesen
1236 1635 1262 1695 zu

245 1692 378 1752 lernen,
408 1691 442 1751 um
482 1691 551 1751 auch
582 1688 719 1748 anderen
749 1687 799 1747 den
829 1685 991 1745 Verstand
1027 1687 1076 1747 der
1101 1688 1259 1748 darinnen

247 1745 457 1805 enthaltenen
485 1739 712 1799 Geheimniße
735 1739 873 1799 dereinst
913 1739 1095 1799 erleichtern
1124 1742 1156 1802 zu
1196 1739 1273 1799 kön¬

238 1793 325 1853 nen.
378 1795 494 1855 Kostet
518 1791 540 1851 in
582 1793 633 1853 der
663 1793 889 1853 Kanterischen
919 1793 1192 1853 Buchhandlung
1216 1795 1273 1855 all=

248 1846 313 1906 hier
338 1846 398 1906 wie
423 1843 495 1903 auch
520 1843 544 1903 in
575 1843 695 1903 Elbing
726 1843 779 1903 und
811 1843 925 1903 Mitau
962 1843 979 1903 3
1004 1844 1046 1904 fl.

468 1968 768 2028 Philosophische
809 1966 1053 2026 Wirthschaft

311 2049 423 2109 eines
490 2048 677 2108 Bauers
743 2046 783 2106 in
857 2051 922 2111 der
980 2050 1215 2110 Schweitz.

529 2157 696 2217 (Erster
752 2157 987 2217 Auszug.)

249 2234 407 2294 Jacob
442 2231 586 2291 Gujer
615 2231 676 2291 von
704 2229 987 2289 Wermetschweil
1002 2234 1029 2294 in
1057 2237 1111 2297 dem
1154 2234 1270 2294 Kirch¬

243 2283 420 2343 spiel
437 2279 547 2339 Uster,
570 2279 608 2339 ist
631 2279 674 2339 ein
703 2279 846 2339 Bauer,
880 2280 929 2340 der
963 2285 1057 2345 unter
1085 2285 1140 2345 dem
1190 2285 1267 2345 Na¬

243 2330 309 2390 men
343 2327 609 2387 Kleinjogg,
631 2327 686 2387 bey
720 2327 824 2387 seinen
864 2334 1102 2394 Landesleuten
1147 2334 1174 2394 in
1213 2333 1263 2393 der

246 2381 360 2441 Zürich
384 2378 521 2438 bekannt
551 2376 603 2436 ist.
661 2372 706 2432 Er
742 2377 810 2437 lebt
840 2378 902 2438 mit
920 2381 1006 2441 einem
1047 2386 1145 2446 seiner
1168 2384 1266 2444 Brü¬

241 2433 286 2493 der
309 2431 337 2491 in
366 2429 451 2489 einer
475 2423 725 2483 unzertrennten
755 2429 1017 2489 Haushaltung,
1046 2437 1091 2497 die
1121 2435 1257 2495 reichlich

243 2482 303 2542 mit
317 2479 459 2539 Kindern
487 2479 642 2539 gesegnet
656 2476 710 2536 ist.
738 2477 785 2537 Er
807 2478 901 2538 selbst
922 2482 1009 2542 zählt
1030 2486 1111 2546 deren
1146 2485 1185 2545 6,
1200 2485 1253 2545 und

242 2531 295 2591 sein
320 2530 459 2590 Bruder
484 2530 532 2590 5;
563 2530 622 2590 alle
641 2527 726 2587 sind,
739 2530 810 2590 eine
830 2527 962 2587 Tochter
987 2536 1265 2596 ausgenommen,

238 2579 309 2639 noch
339 2581 582 2641 minderjahrig
618 2581 683 2641 und
713 2578 920 2638 unerzogen.
969 2584 1105 2644 Seines
1129 2584 1253 2644 Vaters

238 2628 421 2688 Vermögen
457 2629 569 2689 theilte
600 2632 646 2692 sich
677 2629 765 2689 unter
801 2626 818 2686 5
842 2626 1002 2686 Brüder.
1050 2634 1126 2694 Der
1150 2635 1256 2695 älteste

239 2679 324 2739 nahm
369 2676 465 2736 seinen
494 2679 636 2739 Antheil
653 2679 687 2739 an
716 2676 880 2736 liegenden
903 2679 1062 2739 Gütern;
1079 2684 1181 2744 zween
1210 2685 1266 2745 an¬

243 2730 312 2790 dere
334 2724 436 2784 ließen
469 2725 517 2785 sich
550 2728 609 2788 von
647 2730 701 2790 den
739 2727 853 2787 beyden
886 2726 1020 2786 übrigen
1048 2733 1257 2793 auskauffen.

235 2781 414 2841 Kleinjogg
438 2775 554 2835 behielt
572 2778 630 2838 also
659 2778 716 2838 mit
740 2778 839 2838 seinem
874 2778 1008 2838 Bruder
1026 2783 1142 2843 Felix
1165 2784 1252 2844 einen

241 2829 314 2889 Hof
333 2827 449 2887 übrig,
462 2826 591 2886 welcher
616 2829 775 2889 ungefehr
801 2832 843 2892 94
875 2829 1009 2889 Morgen
1041 2835 1169 2895 Landes
1195 2837 1261 2897 ent=

238 2881 331 2941 hält;
379 2879 543 2939 darunter
573 2879 718 2939 befinden
748 2882 836 2942 sich:

1403 304 1449 364 An
1478 306 1606 366 Wiesen
1636 306 1711 366 oder
1735 310 1915 370 Mattland
1991 309 2032 369 15
2062 312 2200 372 Morgen

1412 354 1458 414 An
1488 354 1620 414 Aeckern

1710 360 1795 420 :

1406 401 1455 461 An
1488 404 1620 464 Weiden

1989 409 2036 469 24

1780 410 1856 470 :
1901 410 1920 470 :

1416 455 1461 515 An
1492 455 1704 515 Waldungen

1991 461 2032 521 10
2119 458 2133 518 3

1769 461 1783 521 5
1833 464 1852 524 5
1907 463 1921 523 :

1801 533 1957 593 Summa
1997 534 2041 594 94
2081 530 2248 590 Morgen.

1319 572 1361 632 Er
1386 573 1490 633 schätzt
1516 575 1614 635 diesen
1645 575 1718 635 Hof
1744 580 1904 640 ungefehr
1941 583 2027 643 8000
2059 583 2101 643 fl.
2120 583 2150 643 am
2194 578 2335 638 Werth.

1309 625 1404 685 Nach
1439 625 1495 685 des
1536 625 1665 685 Vaters
1700 628 1790 688 Tode
1825 631 1966 691 hafteten
2012 634 2130 694 darauf
2160 627 2256 687 4000
2290 625 2329 685 fl.

1316 676 1506 736 Schulden.
1558 673 1633 733 Dem
1685 676 1806 736 ältesten
1841 681 1973 741 Bruder
2002 682 2169 742 bezahlten
2204 679 2244 739 sie
2268 674 2324 734 für

1322 727 1415 787 seinen
1454 724 1592 784 Antheil
1615 727 1675 787 750
1703 724 1742 784 fl.
1765 727 1891 787 welches
1919 727 1958 787 sie
1981 730 2118 790 nachher
2142 727 2262 787 wieder
2291 724 2334 784 er¬

1309 778 1395 838 erbt.
1445 778 1536 838 Nach
1575 775 1672 835 deßen
1705 775 1770 835 Tod
1808 778 1933 838 zahlten
1977 778 2014 838 sie
2053 781 2139 841 einem
2183 778 2318 838 jüngern

1313 825 1448 885 Bruder
1483 825 1573 885 1000
1602 825 1636 885 fl.
1665 827 1692 887 so
1721 827 1777 887 daß
1812 826 1852 886 sie
1875 825 1931 885 auf
1960 825 2056 885 diesen
2085 828 2158 888 Hof
2182 825 2266 885 5000
2300 823 2334 883 fl.

1311 876 1471 936 verzinsen
1504 876 1642 936 müßen.
1693 876 1797 936 Diese
1814 876 1941 936 Schuld
1969 875 2002 935 ist
2025 873 2046 933 in
2080 876 2129 936 der
2152 876 2240 936 That
2262 873 2328 933 sehr

1307 923 1407 983 groß,
1435 927 1498 987 und
1525 927 1716 987 berechtigte
1738 927 1785 987 die
1807 927 1987 987 Nachbarn
2020 924 2051 984 zu
2078 921 2163 981 ihrer
2190 923 2339 983 Vermu¬

1306 972 1441 1032 thung,
1464 975 1520 1035 daß
1549 977 1627 1037 diese
1661 978 1802 1038 Brüder
1831 978 1898 1038 eine
1921 975 2163 1035 unerträgliche
2186 972 2253 1032 Last
2271 974 2321 1034 sich

1313 1019 1503 1079 aufgeladen
1534 1025 1669 1085 hätten,
1700 1025 1810 1085 welche
1842 1028 1884 1088 sie
1903 1028 1982 1088 ganz
2014 1025 2118 1085 gewiß
2149 1022 2173 1082 zu
2204 1022 2320 1082 Boden

1310 1067 1432 1127 drücken
1460 1070 1599 1130 würde,
1622 1073 1705 1133 weil
1723 1073 1761 1133 sie
1778 1075 1839 1135 alle
1862 1076 1956 1136 Jahr
1979 1076 2180 1136 wenigstens
2208 1071 2269 1131 200
2292 1070 2330 1130 fl.

1310 1115 1345 1175 an
1375 1116 1486 1176 Zinsen
1516 1121 1575 1181 von
1605 1122 1687 1182 einem
1728 1124 1804 1184 Gut
1817 1124 1840 1184 zu
1871 1127 2017 1187 bezahlen
2047 1127 2170 1187 hatten,
2189 1123 2241 1183 das
2259 1118 2323 1178 sehr

1311 1163 1337 1223 im
1380 1166 1516 1226 Verfall
1538 1168 1632 1228 war,
1654 1169 1717 1229 und
1755 1169 1844 1229 deßen
1881 1175 2118 1235 Verbeßerung
2156 1176 2234 1236 ohne
2261 1169 2335 1229 gro¬

1313 1214 1364 1274 ßen
1400 1213 1655 1273 Geldaufwand
1690 1216 1869 1276 unmöglich
1911 1221 2043 1281 schien;
2068 1223 2142 1283 auch
2178 1223 2206 1283 in
2236 1222 2328 1282 dieser

1308 1264 1422 1324 großen
1450 1264 1694 1324 Haushaltung
1722 1267 1792 1327 wol
1808 1269 1890 1329 viele
1912 1267 1939 1327 zu
1967 1270 2151 1330 ernähren,
2174 1270 2243 1330 aber
2266 1270 2325 1330 nur

1310 1318 1415 1378 wenig
1437 1318 1627 1378 arbeitende
1648 1318 1769 1378 Häͤnde
1791 1318 1928 1378 wären,
1955 1318 2012 1378 daß
2045 1320 2118 1380 man
2156 1316 2208 1376 sich
2235 1318 2335 1378 noth¬

1307 1369 1433 1429 wendig
1463 1371 1514 1431 der
1538 1370 1757 1430 Taglöhner,
1787 1371 1833 1431 die
1863 1371 1914 1431 sich
1950 1370 1978 1430 in
2007 1372 2099 1432 diesem
2146 1369 2250 1429 Lande
2274 1366 2336 1426 we¬

1304 1423 1357 1483 gen
1393 1419 1440 1479 der
1464 1422 1647 1482 Fabriquen
1678 1422 1743 1482 wol
1761 1422 1914 1482 bezahlen
1945 1423 2062 1483 laßen,
2087 1420 2199 1480 würde
2229 1419 2335 1479 bedie¬

1304 1470 1359 1530 nen
1393 1472 1536 1532 müßen.
1603 1473 1709 1533 Diese
1743 1476 2047 1536 Schwierigkeiten
2087 1471 2230 1531 würkten
2270 1468 2324 1528 bey

1307 1521 1509 1581 Kleinjogg,
1533 1521 1602 1581 was
1631 1522 1665 1582 sie
1695 1524 1781 1584 ihrer
1817 1527 1932 1587 Natur
1956 1526 2024 1586 nach
2060 1526 2111 1586 bey
2135 1524 2320 1584 jedermann

1305 1569 1431 1629 wuͤrken
1458 1569 1596 1629 sollten,
1623 1569 1734 1629 wovon
1766 1572 1835 1632 man
1872 1575 1941 1635 aber
1968 1575 2025 1635 fast
2047 1575 2163 1635 immer
2190 1575 2243 1635 das
2264 1572 2333 1632 Ge¬

1309 1610 1451 1670 gentheil
1473 1610 1589 1670 siehet;
1605 1613 1641 1673 sie
1663 1616 1805 1676 spornten
1838 1619 1937 1679 seinen
1965 1620 2048 1680 Fleiß
2076 1622 2138 1682 und
2160 1619 2249 1679 Eifer
2271 1621 2329 1681 an,

1309 1658 1401 1718 solche
1427 1658 1458 1718 zu
1484 1658 1721 1718 überwinden.
1773 1659 1819 1719 Er
1840 1663 1948 1723 dachte
1969 1664 2015 1724 die
2041 1667 2165 1727 Mittel
2176 1664 2232 1724 zur
2253 1665 2330 1725 Ver¬

1300 1709 1462 1769 beßerung
1498 1709 1608 1769 nach,
1637 1707 1753 1767 führte
1783 1709 1876 1769 solche
1911 1712 1992 1772 ohne
2028 1712 2172 1772 Anstand
2208 1713 2329 1773 getrost

1310 1763 1386 1823 aus,
1416 1763 1475 1823 und
1505 1763 1593 1823 Gott
1611 1763 1740 1823 segnete
1765 1762 1846 1822 seine
1871 1763 2183 1823 Standhaftigkeit.
2231 1764 2318 1824 Auch

1304 1814 1355 1874 der
1379 1816 1582 1876 boshafteste
1605 1815 1691 1875 Neid
1722 1816 1790 1876 muß
1820 1814 1848 1874 es
1884 1814 2057 1874 gestehen,
2081 1811 2139 1871 daß
2168 1812 2197 1872 er
2220 1814 2318 1874 seinen

1302 1861 1373 1921 Hof
1398 1864 1482 1924 ohne
1506 1864 1626 1924 fremde
1651 1866 1849 1926 Beyhülfe,
1874 1867 1951 1927 oder
1982 1861 2192 1921 Anhäufung
2223 1862 2319 1922 seiner

1301 1912 1515 1972 Schulden,
1548 1916 1729 1976 ungemein
1774 1916 1965 1976 verbeßert.

2032 1914 2146 1974 Seine
2190 1912 2320 1972 Kinder

1300 1963 1440 2023 wachsen
1478 1966 1570 2026 unter
1597 1966 1722 2026 Genuß
1760 1969 1846 2029 einer
1879 1969 2139 2029 vollkommenen
2178 1963 2328 2023 Gesund¬

1303 2015 1368 2075 heit
1386 2014 1415 2074 im
1457 2014 1628 2074 Ueberfluß
1658 2017 1728 2077 alles
1752 2020 2053 2080 Nothwendigen,
2077 2020 2130 2080 zur
2154 2014 2319 2074 Hofnung

1300 2062 1360 2122 an,
1389 2062 1438 2122 ihm
1477 2064 1538 2124 nun
1571 2064 1637 2124 bald
1666 2067 1720 2127 sein
1749 2067 1931 2127 Vermögen
1965 2070 2025 2130 mit
2048 2067 2236 2127 Nachdruck
2259 2064 2330 2124 ver¬

1297 2115 1424 2175 mehren
1454 2115 1483 2175 zu
1513 2115 1641 2175 helfen.
1699 2112 1821 2172 Seine
1845 2118 1955 2178 Zinsen
1985 2121 2119 2181 wurden
2148 2119 2206 2179 alle
2230 2118 2323 2178 Jahr

1301 2163 1358 2223 auf
1382 2163 1433 2223 den
1463 2160 1665 2220 bestimmten
1689 2160 1752 2220 Tag
1781 2164 1937 2224 bezahlt,
1967 2167 2024 2227 und
2054 2168 2112 2228 sein
2147 2169 2320 2229 Vorschlag

1297 2213 1410 2273 reichte
1433 2211 1513 2271 hin,
1542 2211 1593 2271 die
1616 2211 1736 2271 Mittel
1759 2212 1787 2272 zu
1810 2211 1981 2271 mehrerer
2005 2217 2244 2277 Verbeßerung
2274 2217 2330 2277 an¬

1304 2261 1502 2321 zuschaffen,
1526 2259 1588 2319 und
1628 2257 1685 2317 von
1714 2261 1788 2321 Zeit
1805 2264 1833 2324 zu
1874 2264 1947 2324 Zeit
1965 2264 2044 2324 neue
2068 2264 2249 2324 Feldstücke
2278 2264 2335 2324 an¬

1298 2312 1474 2372 zukaufen.
1526 2305 1572 2365 Er
1604 2308 1795 2368 widerlegte
1828 2312 1889 2372 also
1921 2312 1978 2372 das
2015 2312 2211 2372 allgemeine
2238 2312 2331 2372 Vor¬

1297 2363 1449 2423 urtheil,
1478 2360 1528 2420 daß
1570 2357 1637 2417 eine
1666 2363 1864 2423 überhäufte
1905 2362 2148 2422 Schuldenlast
2177 2362 2222 2422 die
2245 2363 2330 2423 Ver¬

1303 2414 1462 2474 beßerung
1493 2408 1548 2468 der
1579 2408 1807 2468 Wirthschaft
1832 2414 2016 2474 unmöͤglich
2048 2414 2170 2474 mache.
2232 2417 2311 2477 Bey

1295 2465 1396 2525 seinem
1439 2460 1528 2520 Hofe
1547 2458 1726 2518 unterhaͤlt
1744 2463 1773 2523 er
1798 2464 1833 2524 an
1864 2462 1983 2522 Vieh:

1660 2515 1672 2575 4
1718 2515 1835 2575 Kühe.

1657 2566 1669 2626 3
1711 2563 1855 2623 Ochsen.

1652 2610 1670 2670 1
1706 2612 1837 2672 Pferd.

1652 2660 1667 2720 2
1711 2664 1913 2724 Schweine.

1437 2727 1591 2787 Summa
1625 2727 1664 2787 10
1692 2733 1818 2793 Stück.

1301 2775 1368 2835 Die
1392 2778 1494 2838 Kühe
1517 2778 1573 2838 sind
1603 2778 1659 2838 von
1694 2784 1955 2844 mittelmäßiger
1985 2787 2126 2847 Größe,
2144 2786 2201 2846 wie
2236 2781 2263 2841 es
2292 2781 2320 2841 in

1296 2832 1395 2892 diesem
1434 2824 1562 2884 Bezirk
1585 2828 1707 2888 gemein
1735 2835 1790 2895 ist,
1808 2834 1874 2894 doch
1903 2833 1997 2893 wohl
2025 2835 2225 2895 unterhalten
2259 2829 2319 2889 und

1295 2882 1387 2942 geben
1428 2876 1567 2936 reichlich
1596 2882 1729 2942 Milch,
1765 2885 1810 2945 die
1840 2885 1978 2945 gänzlich
2014 2885 2036 2945 in
2066 2885 2118 2945 der
2147 2882 2326 2942 Haushal¬

2225 2932 2309 2992 tung
