2479 3508
533 1431 852 1491 Königsberg.

227 1533 314 1593 Den
352 1533 544 1593 morgenden
583 1530 730 1590 Eintritt
768 1530 819 1590 des
857 1532 1049 1592 Frühlings
1080 1530 1197 1590 können

299 1605 363 1665 wir
396 1607 479 1667 nicht
506 1608 653 1668 schöner,
680 1609 724 1669 als
758 1609 821 1669 mit
848 1610 1099 1670 nachstehendem
1139 1608 1209 1668 Ge¬

184 1688 287 1748 dichte
329 1688 619 1748 bewillkommen,
647 1688 708 1748 das
751 1688 813 1748 aus
855 1689 909 1749 den
951 1688 1199 1748 Handschriften

183 1766 298 1826 unsers
318 1764 369 1824 der
389 1763 602 1823 Preußischen
628 1763 854 1823 Rechtspflege
874 1762 944 1822 auch
965 1761 990 1821 im
1029 1763 1203 1823 sechzigsten

188 1840 287 1900 Jahr
315 1840 421 1900 seines
455 1837 561 1897 Alters
602 1834 675 1894 noch
722 1834 788 1894 viel
822 1831 855 1891 zu
896 1831 969 1891 früh
1016 1835 1202 1895 entrißenen

177 1912 286 1972 Herrn
311 1909 523 1969 Tribunals=
548 1906 608 1966 und
639 1903 955 1963 Hofgerichtsraths
992 1905 1053 1965 von
1090 1907 1211 1967 Wer¬

178 1990 249 2050 ner
286 1982 473 2042 genommen
509 1975 566 2035 ist,
588 1973 645 2033 der
675 1973 725 2033 die
755 1972 869 2032 Kunst
891 1972 1020 2032 besessen
1050 1981 1114 2041 auf
1136 1981 1186 2041 dem

181 2055 369 2115 dornichten
417 2049 520 2109 Wege
566 2048 619 2108 der
665 2045 945 2105 Rechtshändel,
979 2046 1116 2106 worauf
1142 2051 1194 2111 ihn

186 2128 250 2188 sein
291 2127 371 2187 Amt
405 2124 525 2184 täglich
559 2124 712 2184 führte,
737 2124 817 2184 diese
851 2124 995 2184 Blumen
1037 2121 1068 2181 zu
1110 2124 1206 2184 erzie¬

178 2205 267 2265 hen.
305 2202 394 2262 Wir
432 2202 543 2262 dürfen
589 2202 647 2262 sein
694 2204 856 2264 vielleicht
880 2202 954 2262 noch
992 2199 1081 2259 nicht
1112 2199 1207 2259 über¬

182 2279 323 2339 grüntes
354 2277 483 2337 Grab,
515 2279 575 2339 mit
613 2278 717 2338 keinen
761 2279 933 2339 Lorrbeern
970 2273 1173 2333 überstreuen

186 2354 217 2414 da
256 2354 313 2414 sein
346 2354 462 2414 eigner
495 2354 578 2414 Fleiß
624 2351 656 2411 in
701 2351 798 2411 dieser
831 2351 1049 2411 vortreflichen
1089 2343 1197 2403 Schil

189 2429 309 2489 derung
345 2429 398 2489 des
440 2426 629 2486 Frühlings
670 2426 724 2486 die
759 2429 853 2489 ersten
895 2424 1036 2484 Veilchen
1079 2418 1213 2478 herauf¬

186 2498 310 2558 gesäet.
356 2503 494 2563 Kenner
527 2497 579 2557 der
607 2497 783 2557 römischen
811 2503 1007 2563 Dichtkunst
1034 2497 1105 2557 hoft
1126 2494 1190 2554 man

180 2569 278 2629 durch
322 2572 402 2632 diese
439 2572 555 2632 Probe
594 2574 661 2634 nach
705 2575 871 2635 mehreren
915 2578 1032 2638 lüstern
1069 2571 1099 2631 zu
1137 2568 1204 2628 ma¬

188 2641 292 2701 chen,
326 2643 383 2703 und
416 2643 578 2703 vielleicht
604 2645 668 2705 sind
702 2647 766 2707 wir
808 2649 832 2709 im
881 2652 1020 2712 Stande
1053 2645 1125 2705 auch
1150 2640 1206 2700 die

184 2721 412 2781 Zeichnungen
453 2718 511 2778 der
551 2719 688 2779 übrigen
735 2727 807 2787 drey
847 2728 1102 2788 Jahreszeiten,
1136 2718 1194 2778 von

181 2796 357 2856 demselben
397 2796 522 2856 Pinsel
549 2796 614 2856 und
654 2799 725 2859 noch
759 2807 942 2867 lebhaftern
976 2801 1125 2861 Kolorit,
1153 2798 1185 2858 zu
1239 2796 1434 2856 Cespitibus
1468 2803 1573 2863 violae
1613 2805 1704 2865 grato
1744 2802 1927 2862 spiramine
1954 2802 2104 2862 fragrant

192 2876 364 2936 gehöriger
395 2874 469 2934 Zeit
501 2873 530 2933 zu
568 2876 703 2936 liefern.

617 1280 740 1340 14tes
782 1281 954 1341 Stück.
1021 1282 1251 1342 Montag,
1285 1282 1350 1342 den
1400 1280 1481 1340 19.
1507 1279 1654 1339 März.
1688 1284 1836 1344 1764.

1262 1516 1330 1576 Jam
1375 1515 1497 1575 cessere
1524 1518 1637 1578 niues,
1665 1518 1822 1578 cesserunt
1849 1519 1980 1579 frigora
2007 1524 2164 1584 brumae,

1337 1646 1484 1706 Exsultat
1520 1646 1637 1706 vinclis
1673 1649 1755 1709 terra
1797 1649 1902 1709 soluta
1933 1649 2014 1709 suis.

1253 1769 1343 1829 Veris
1379 1769 1480 1829 honor
1504 1772 1618 1832 redir,
1654 1774 1823 1834 redierunt
1849 1778 1973 1838 gaudia
1997 1778 2110 1838 lacis;

1330 1894 1491 1954 Restituit
1521 1898 1653 1958 validum
1706 1900 1867 1960 Phoebus
1896 1903 1930 1963 ab
1971 1903 2023 1963 axe
2058 1909 2167 1969 diem,

1243 2023 1294 2083 lam
1341 2017 1439 2077 viridi
1481 2017 1573 2077 tellus
1603 2025 1794 2085 praetendit
1823 2029 1962 2089 stamina
1997 2035 2083 2095 velo,

1333 2142 1468 2202 Lanugo
1516 2142 1617 2202 pubis
1659 2145 1916 2205 gramineaeqve
1964 2151 2079 2211 rubet.

1235 2270 1431 2330 Disrumpit
1465 2272 1615 2332 tumidus
1655 2279 1819 2339 latitantia
1853 2285 1977 2345 semina
2010 2289 2134 2349 succus,

1328 2398 1496 2458 Pullulat,
1517 2409 1551 2469 et
1579 2414 1700 2474 gracili
1728 2417 1883 2477 germine
1911 2420 2018 2480 fingit
2040 2420 2141 2480 acus;

1239 2529 1416 2589 Prosiliunt
1454 2537 1540 2597 varii
1572 2543 1688 2603 vegeto
1725 2544 1910 2604 molimine
1941 2545 2058 2605 flores.

1329 2661 1455 2721 Pallida
1497 2670 1562 2730 stat
1593 2675 1694 2735 citior
1725 2673 1869 2733 primula
1905 2673 1988 2733 veris
2019 2676 2156 2736 humo;
