2479 3508
157 340 232 400 tung
261 342 446 402 verbraucht
470 336 563 396 wird.
622 332 667 392 Er
691 330 812 390 rechnet
831 329 842 389 2
872 332 975 392 Fuder
999 330 1062 390 Heu
1092 330 1144 390 für

164 389 215 449 den
249 389 424 449 Unterhalt
447 386 526 446 einer
550 381 634 441 jeden
668 380 769 440 Kuh,
793 379 883 439 neben
923 380 974 440 dem
1014 380 1137 440 frischen

165 437 274 497 Gras,
286 437 309 497 so
332 437 355 497 er
379 434 470 494 ihnen
500 430 545 490 den
575 428 736 488 Sommer
754 428 840 488 durch
858 428 956 488 giebt,
968 429 1025 489 und
1043 430 1129 490 schätz

162 488 208 548 die
232 484 371 544 kleinsten
401 482 458 542 20,
477 477 523 537 die
541 474 639 534 gröste
670 474 704 534 30
734 476 768 536 fl.
780 476 809 536 an
838 479 972 539 Werth.
1031 479 1146 539 Seine

158 535 276 595 Ochsen
305 530 367 590 sind
396 527 481 587 wohl
498 524 701 584 gewachsen,
719 527 780 587 und
804 527 984 587 ungeachtet
1008 527 1058 587 der
1081 526 1148 586 vie=

158 583 207 643 len
236 577 473 637 Feldarbeiten,
491 572 639 632 darinnen
668 574 706 634 sie
728 575 772 635 ihm
818 575 889 635 gute
906 577 1010 637 Hülfe
1028 575 1149 635 leisten,

168 631 231 691 sehr
255 625 324 685 fett.
371 619 417 679 Er
435 619 556 679 rechnet
580 619 626 679 für
650 622 731 682 jeden
760 622 888 682 jährlich
917 622 928 682 3
952 622 1050 682 Fuder
1068 622 1148 682 Heu,

165 676 224 736 und
248 670 354 730 schätzt
372 667 419 727 ihn
450 670 484 730 50
515 670 549 730 fl.
568 668 603 728 an
633 670 763 730 Werth.
811 667 858 727 Er
882 670 994 730 mästet
1013 670 1142 730 jährlich

159 723 170 783 2
194 719 263 779 oder
281 718 292 778 3
316 718 414 778 Stück
433 715 444 775 a
456 718 502 778 41
520 718 554 778 fl.
602 719 653 779 Jn
683 718 717 778 10
747 716 881 776 Wochen
911 718 1067 778 Mastzeit
1091 718 1148 778 ver=

159 766 241 826 zehrt
264 766 370 826 solcher
388 766 571 826 anderthalb
600 765 699 825 Fuder
722 767 817 827 Heu.
862 766 973 826 Wenn
1002 766 1068 826 man
1091 766 1140 826 das

159 813 261 873 Fuder
284 810 346 870 Heu
375 813 386 873 8
415 813 448 873 fl.
466 813 648 873 anrechnet,
654 813 676 873 so
705 813 807 873 bleibt
825 813 875 873 ihm
916 813 967 873 bey
984 813 1035 873 dem
1070 813 1149 873 Ver¬

161 858 233 918 kauf
255 861 305 921 des
328 861 511 921 gemästeten
545 861 655 921 Ochsen
689 861 721 921 um
766 864 799 924 56
828 861 861 921 fl.
878 861 911 921 an
933 861 1071 921 Gewinn
1100 862 1143 922 für

159 906 241 966 seine
260 910 366 970 Arbeit
384 912 396 972 3
415 911 455 971 fl.
503 912 621 972 Dieser
645 909 799 969 Vortheil
818 909 853 969 ist
871 909 894 969 in
925 910 978 970 der
1002 909 1090 969 That
1108 910 1137 970 an

158 955 206 1015 sich
234 957 298 1017 sehr
321 960 444 1020 gering,
456 960 515 1020 und
543 960 613 1020 kann
646 960 727 1020 nicht
738 958 890 1018 allemahl
912 957 1047 1017 erhalten
1074 960 1149 1020 wer¬

161 1003 236 1063 den,
253 1005 284 1065 da
312 1007 398 1067 durch
426 1008 587 1068 allerhand
615 1007 852 1067 Zufälligkeiten
886 1004 934 1064 der
961 1007 1058 1067 Ochse
1091 1007 1139 1067 bey

158 1056 214 1116 der
240 1058 397 1118 Mastung
423 1058 529 1118 mager
555 1058 674 1118 bleiben
706 1055 762 1115 und
788 1055 838 1115 der
857 1055 970 1115 Werth
996 1055 1052 1115 des
1078 1056 1152 1116 Vie¬

861 1118 956 1178 (Die
975 1121 1174 1181 Fortsetzung
1205 1116 1283 1176 folgt
1301 1118 1458 1178 künftig.)

330 1249 638 1309 Königsberg,
672 1252 724 1312 den
764 1252 822 1312 22.
849 1252 967 1312 Merz.

208 1294 277 1354 Den
310 1294 396 1354 18ten
435 1294 467 1354 d.
489 1297 586 1357 trafen
619 1297 667 1357 des
689 1296 791 1356 Herrn
824 1297 970 1357 General
992 1297 1018 1357 en
1046 1297 1153 1357 Chef,

156 1339 515 1399 General=Directeur
545 1339 600 1399 des
639 1339 831 1399 gesammten
866 1339 1156 1399 Polizeywesens,

154 1384 340 1444 würklicher
365 1381 614 1441 Cammerherr,
638 1381 877 1441 Vice=Obrister
902 1381 954 1441 von
984 1384 1050 1444 Sr.
1065 1381 1151 1441 Kay¬

163 1428 295 1488 serlichen
322 1425 454 1485 Hoheit,
460 1424 507 1484 des
535 1426 746 1486 Großfürsten
779 1428 1155 1488 Cürassier=Regiment,

160 1476 330 1536 Senateur
352 1473 410 1533 und
431 1470 537 1530 Ritter
559 1470 612 1530 von
645 1473 740 1533 Korff
762 1476 884 1536 Excell.
895 1476 947 1536 auf
969 1476 1038 1536 dero
1055 1475 1150 1535 Reise

156 1524 227 1584 nach
256 1523 305 1583 dem
339 1521 433 1581 Bade
450 1521 510 1581 hier
533 1523 600 1583 ein;
628 1523 655 1583 es
683 1524 749 1584 war
767 1524 827 1584 uns
845 1526 894 1586 der
911 1524 1033 1584 Anblick
1056 1524 1155 1584 unge¬

158 1575 237 1635 mein
260 1570 361 1630 triste,
373 1571 412 1631 als
441 1571 502 1631 man
531 1572 688 1632 Hochged.
700 1574 773 1634 Sr.
785 1575 903 1635 Excell.
915 1578 937 1638 in
966 1576 1010 1636 den
1039 1578 1151 1638 kränk¬

159 1625 276 1685 lichsten
307 1622 495 1682 Umständen
526 1624 608 1684 sahe,
638 1625 750 1685 dahero
774 1626 922 1686 dieselbe,
940 1628 975 1688 um
1011 1628 1057 1688 die
1082 1628 1152 1688 Ru=
1188 1625 1306 1685 lauftig
1331 1625 1418 1685 seyn.

157 1676 197 1736 he
220 1676 249 1736 zu
284 1673 463 1733 genießen,
487 1676 533 1736 ihr
557 1676 701 1736 Zimmer
725 1676 777 1736 gar
801 1676 887 1736 nicht
905 1678 1049 1738 verlaßen
1085 1677 1153 1737 kon¬

153 1724 236 1784 ten,
260 1724 319 1784 und
349 1724 378 1784 da
414 1724 449 1784 sie
479 1724 527 1784 sich
551 1724 580 1784 zu
616 1724 942 1784 Wiederherstellung
978 1726 1060 1786 ihrer
1085 1724 1155 1784 Ge¬

157 1772 307 1832 sundheit
333 1772 398 1832 nach
424 1772 474 1832 den
500 1772 641 1832 warmen
672 1771 802 1831 Baͤdern
834 1772 969 1832 sehnen;
996 1774 1025 1834 so
1046 1775 1141 1835 setzten

153 1818 263 1878 selbige
286 1819 358 1879 ihre
381 1819 508 1879 weitere
525 1819 619 1879 Reise
642 1819 691 1879 den
720 1819 813 1879 21ten
842 1819 936 1879 dieses
970 1822 1069 1882 früh,
1086 1824 1147 1884 mit

156 1866 356 1926 Extra=Post
380 1867 460 1927 fort.

390 1909 578 1969 Berlin,
607 1909 662 1969 den
708 1908 773 1968 17.
797 1909 913 1969 Merz.

205 1960 340 2020 Gestern
373 1957 475 2017 langte
503 1954 556 2014 von
589 1954 860 2014 Constantinopel
877 1957 920 2017 ein
948 1957 1050 2017 Türk,
1072 1960 1147 2020 Na¬

153 2011 241 2071 mens
270 2005 470 2065 Mahomet,
493 2002 547 2062 und
577 2001 631 2061 sein
665 2002 910 2062 Dollmetscher,
933 2002 1038 2062 Isaac
1061 2007 1155 2067 Ben¬

156 2055 272 2115 jamin,
295 2049 384 2109 nebst
401 2049 417 2109 9
446 2048 585 2108 Pferden
614 2049 669 2109 für
692 2049 742 2109 den
770 2049 993 2109 Bothschafter
1022 2052 1149 2112 Achmet

156 2100 283 2160 Effendi
306 2097 361 2157 an.
395 2097 630 2157 Donnerstags
658 2100 764 2160 verlaß
792 2103 814 2163 in
842 2103 892 2163 der
921 2100 1060 2160 Königl.
1072 2102 1149 2162 Aca=

156 2147 253 2207 demie
281 2147 329 2207 der
352 2148 607 2208 Wißenschaften
635 2151 721 2211 Herr
744 2149 869 2209 Euler,
891 2151 945 2211 der
968 2148 1087 2208 Sohn,
1109 2148 1135 2208 in

152 2198 352 2258 lateinischer
374 2199 527 2259 Sprache
549 2199 655 2259 einige
682 2202 956 2262 Untersuchungen
989 2197 1057 2257 über
1084 2197 1147 2257 ver¬

159 2247 315 2307 schiedene
339 2249 453 2309 Mittel
484 2249 558 2309 ohne
582 2249 686 2309 Hulfe
716 2249 767 2309 des
791 2249 929 2309 Windes
953 2246 981 2306 zu
1006 2246 1144 2306 schiffen.

230 2297 501 2357 Frankfurt,
535 2297 567 2357 am
618 2295 756 2355 Mayn,
779 2297 834 2357 vom
874 2297 912 2357 8.
935 2294 1056 2354 März.

205 2345 279 2405 Nun
306 2345 337 2405 ist
359 2347 407 2407 die
429 2345 637 2405 zuverläßige
653 2345 829 2405 Nachricht
846 2342 1074 2402 eingegangen,
1091 2342 1138 2402 daß

159 2396 250 2456 Ihro
274 2396 418 2456 Kayserl.
436 2396 568 2456 Majest.
586 2393 666 2453 nebst
684 2393 736 2453 den
759 2398 915 2458 Herzogen
938 2390 1059 2450 Joseph
1077 2387 1134 2447 und

158 2440 311 2500 Leopold,
329 2443 373 2503 K.
391 2443 441 2503 H.
459 2443 499 2503 rc.
528 2440 572 2500 den
607 2440 697 2500 12ten
726 2442 760 2502 d.
777 2445 823 2505 die
846 2445 936 2505 Reise
965 2438 1016 2498 von
1045 2435 1134 2495 Wien

159 2488 265 2548 hieher
302 2488 474 2548 antreten,
498 2490 556 2550 und
588 2488 640 2548 den
670 2488 759 2548 23ten
795 2493 854 2553 auf
873 2494 920 2554 dem
962 2485 1151 2545 Hochgräfl.

161 2536 449 2596 Schönbornschen
473 2539 613 2599 Schloße
637 2539 665 2599 zu
688 2540 942 2600 Heißenstamm,
960 2542 965 2602 3
988 2535 1134 2595 Stunden

157 2585 215 2645 von
243 2584 311 2644 hier
333 2584 487 2644 eintreffen
520 2587 663 2647 werden.

361 2632 671 2692 Regensburg,
706 2635 752 2695 den
787 2636 800 2696 2
827 2640 948 2700 März.

207 2679 286 2739 Das
311 2675 434 2735 Fürstl.
454 2679 613 2739 Collegium
663 2682 719 2742 hat
744 2682 774 2742 zu
818 2688 867 2748 der
893 2684 1059 2744 römischen
1084 2678 1151 2738 Kö¬

156 2731 327 2791 nigswahl
351 2727 557 2787 concurriret,
576 2730 634 2790 und
659 2727 711 2787 das
735 2734 983 2794 Westphälische
1002 2729 1142 2789 gräfliche

159 2782 315 2842 Votum,
339 2775 466 2835 welches
490 2777 541 2837 der
566 2778 646 2838 Herr
670 2778 838 2838 Pistorius
868 2786 1012 2846 ablegte,
1030 2778 1093 2838 war
1111 2778 1134 2838 in

156 2832 305 2892 folgende
328 2823 438 2883 Worte
455 2826 638 2886 abgefaßt:
666 2827 704 2887 aD
750 2829 810 2889 pla
838 2831 921 2891 Vota
950 2832 982 2892 et
1005 2826 1143 2886 aCCLa-

162 2882 323 2942 Matlones
352 2876 461 2936 totlVs
485 2876 623 2936 patrlae.
670 2879 750 2939 Das
774 2880 964 2940 Geheimnis
988 2879 1033 2939 der
1051 2873 1143 2933 Brü=

1185 327 1240 387 hes
1268 327 1311 387 sich
1340 333 1512 393 verändern
1540 333 1650 393 kann;
1673 333 1744 393 aber
1773 332 1838 392 dies
1862 331 1894 391 ist
1917 330 1983 390 auch
2011 330 2094 390 nicht
2117 330 2166 390 der

1186 379 1358 439 Vortheil,
1370 378 1422 438 den
1452 377 1618 437 Kleinjogg
1649 380 1700 440 bey
1724 380 1775 440 dem
1816 380 1943 440 Masten
1967 380 2070 440 sucht,

1188 425 1252 485 dern
1285 426 1327 486 die
1350 428 1576 488 Vermehrung
1604 427 1652 487 der
1674 428 1841 488 Düngung
1868 428 1916 488 für
1938 428 1986 488 die
2009 428 2170 488 Verbeße¬

1180 475 1260 535 rung
1290 476 1381 536 seiner
1405 475 1520 535 Güter.
1538 473 1612 533 Das
1630 473 1728 533 Pferd
1752 476 1815 536 hält
1833 476 1861 536 er
1885 478 1907 538 in
1937 476 2028 536 seiner
2046 476 2173 536 Wirth¬

1180 524 1278 584 schaft
1296 524 1342 584 für
1372 524 1546 584 schädlich,
1570 523 1644 583 weil
1668 521 1726 581 sein
1756 527 1929 587 Unterhalt
1959 524 2023 584 sehr
2052 527 2167 587 kostbar

1185 572 1237 632 ist,
1249 572 1280 632 da
1318 572 1349 632 es
1376 572 1467 632 neben
1499 570 1546 630 dem
1589 569 1833 629 Schmalfutter
1866 572 1935 632 eben
1962 573 1988 633 so
2015 575 2079 635 viel
2100 575 2163 635 Heu

1188 617 1232 677 als
1254 619 1314 679 eine
1337 619 1397 679 Kuh
1420 619 1502 679 frist,
1508 616 1563 676 und
1580 616 1629 676 der
1647 616 1872 676 Schmidtlohn
1901 622 2082 682 wenigstens
2105 622 2115 682 4
2138 622 2171 682 fl.

1188 667 1328 727 beträgt.
1372 667 1550 727 Ueberdies
1572 664 1690 724 nimmt
1713 664 1761 724 der
1778 667 1886 727 Werth
1913 667 1999 727 eines
2027 670 2161 730 Pferdes

1184 713 1237 773 bey
1264 715 1501 775 anwachsenden
1534 713 1617 773 Alter
1639 715 1750 775 immer
1772 712 1824 772 ab,
1846 715 2036 775 dahingegen
2063 717 2089 777 an
2116 717 2163 777 den

1185 763 1298 823 Ochsen
1326 763 1413 823 durch
1435 763 1478 823 die
1495 763 1646 823 Mastung
1674 763 1744 823 noch
1772 760 1869 820 etwas
1897 763 2070 823 gewonnen
2098 763 2179 823 wer¬

1186 811 1236 871 den
1265 810 1366 870 kann.
1413 808 1457 868 Er
1486 810 1536 870 hat
1559 812 1605 872 sich
1639 810 1735 870 daher
1758 810 1922 870 vorgesetzt
1939 810 2024 870 jenes
2053 811 2075 871 zu
2110 810 2177 870 ver¬

1185 860 1314 920 kaufen,
1336 858 1395 918 und
1423 861 1557 921 dagegen
1585 861 1633 921 die
1650 861 1736 921 Zahl
1753 861 1806 921 der
1828 861 1941 921 letztern
1974 861 2001 921 zu
2028 860 2173 920 vermeh¬

1185 906 1255 966 ren,
1272 906 1347 966 weil
1370 907 1434 967 man
1462 909 1521 969 mit
1544 909 1667 969 gleichen
1701 909 1874 969 Unkosten,
1885 909 1928 969 die
1950 909 1988 969 ein
2010 909 2107 969 Pferd
2135 907 2177 967 er¬

1186 956 1317 1016 heischet
1340 955 1350 1015 2
1373 957 1489 1017 Ochsen
1523 957 1660 1017 erhalten
1689 957 1793 1017 kann,
1816 957 2092 1017 zugeschweigen,
2115 960 2164 1020 daß

1189 1004 1236 1064 der
1260 1004 1461 1064 Pferdemist
1479 1004 1502 1064 zu
1532 1004 1703 1064 Duͤngung
1733 1004 1780 1064 der
1805 1005 1910 1065 Guͤter
1934 1007 2023 1067 lange
2047 1009 2129 1069 nicht
2147 1007 2170 1067 so

1187 1052 1315 1112 dienlich
1341 1054 1377 1114 ist
1397 1055 1439 1115 als
1464 1055 1513 1115 der
1539 1055 1624 1115 Mist
1644 1055 1698 1115 vom
1736 1055 1933 1115 Hornvieh.

1189 1252 1339 1312 derschaft
1363 1252 1414 1312 von
1444 1252 1496 1312 der
1520 1252 1682 1312 schwarzen
1711 1255 1821 1315 Rose,
1839 1252 1873 1312 ist
1898 1252 1978 1312 durch
2008 1249 2095 1309 einen
2118 1248 2181 1308 Of¬

1188 1297 1269 1357 ficier
1298 1297 1461 1357 verrathen
1496 1297 1654 1357 worden,
1679 1297 1731 1357 der
1761 1297 1808 1357 fur
1832 1296 1914 1356 seine
1938 1294 2120 1354 Aufnahme
2145 1294 2168 1354 in

1183 1339 1262 1399 diese
1292 1337 1499 1397 Gesellschaft
1525 1339 1559 1399 52
1589 1339 1738 1399 Ducaten
1768 1339 1911 1399 bezahlen
1946 1340 2089 1400 müßen,
2115 1342 2173 1402 und

1184 1381 1279 1441 diesen
1314 1381 1445 1441 Verlust
1476 1381 1555 1441 nicht
1581 1384 1803 1444 verschmerzen
1839 1387 1979 1447 können.
2035 1386 2110 1446 Die
2141 1388 2165 1448 in

1185 1425 1330 1485 Verhaft
1347 1428 1546 1488 genommene
1574 1431 1779 1491 Mittglieder
1801 1434 1860 1494 sind
1887 1433 2103 1493 gegenwärtig
2125 1435 2168 1495 los

1188 1473 1309 1533 gelaßen
1342 1475 1485 1535 worden.
1533 1476 1606 1536 Sie
1629 1479 1761 1539 bestehen
1793 1482 1851 1542 aus
1878 1481 1978 1541 nichts
2005 1479 2047 1539 als
2075 1482 2180 1542 Adep¬

1185 1524 1249 1584 ten,
1266 1523 1314 1583 die
1337 1524 1401 1584 eine
1418 1525 1537 1585 Person
1564 1527 1619 1587 vom
1657 1530 1765 1590 Range
1793 1530 1819 1590 zu
1847 1530 1933 1590 ihrem
1967 1530 2172 1590 Oberhaupte

1189 1575 1310 1635 haben;
1339 1578 1523 1638 unterdeßen
1553 1579 1610 1639 soll
1628 1581 1691 1641 ihre
1715 1581 1974 1641 Correspondenz
1998 1579 2061 1639 sehr
2085 1580 2177 1640 weit=

1454 1676 1602 1736 Wien,
1632 1680 1688 1740 den
1724 1682 1759 1742 29
1796 1682 1894 1742 Febr.

1232 1721 1305 1781 Den
1340 1725 1430 1785 25ten
1459 1727 1555 1787 dieses
1578 1730 1748 1790 disputirte
1771 1728 1822 1788 der
1856 1731 2014 1791 Freyherr
2038 1727 2167 1787 Leopold

1188 1774 1383 1834 Pejacsevich
1416 1775 1468 1835 von
1500 1776 1658 1836 Verocza,
1680 1778 1716 1838 ein
1748 1778 1875 1838 Ungar,
1892 1779 1981 1839 unter
2008 1778 2055 1838 dem
2093 1775 2182 1835 Vor¬

1186 1819 1229 1879 sitz
1247 1819 1296 1879 des
1325 1820 1368 1880 K.
1386 1822 1425 1882 K.
1442 1820 1603 1880 Hofraths
1621 1825 1681 1885 und
1704 1826 1898 1886 öffentlichen
1921 1825 2049 1885 Lehrers
2067 1825 2166 1885 Herrn

1187 1864 1352 1924 Riegger,
1379 1866 1440 1926 und
1468 1867 1513 1927 die
1535 1870 1758 1930 Disputation
1789 1873 1914 1933 sowohl
1935 1875 1976 1935 als
2012 1873 2059 1933 die
2080 1870 2173 1930 dabey

1188 1912 1274 1972 unter
1307 1909 1355 1969 die
1388 1912 1533 1972 Zuhörer
1561 1920 1777 1980 ausgetheilte
1804 1921 1907 1981 zween
1934 1919 2026 1979 große
2053 1921 2172 1981 Bände

1182 1958 1239 2018 von
1272 1955 1324 2015 der
1356 1957 1451 2017 neuen
1488 1960 1625 2020 Auflage
1657 1966 1731 2026 aller
1758 1966 1874 2026 Werke
1906 1969 1958 2029 des
1980 1966 2164 2026 berühmten

1185 2004 1396 2064 französischen
1429 2005 1651 2065 Canonisten,
1668 2011 1874 2071 Innocentii
1891 2014 2047 2074 Cironii,
2064 2012 2161 2072 waren

1185 2052 1259 2112 Sr.
1275 2047 1413 2107 Königl.
1424 2046 1546 2106 Hoheit
1568 2049 1615 2109 dem
1658 2052 1881 2112 Cronprinzen
1914 2055 1972 2115 und
1993 2055 2168 2115 Erzherzog

1185 2100 1303 2160 Joseph
1332 2091 1519 2151 gewidmet.
1564 2094 1609 2154 Zu
1632 2096 1722 2156 Ende
1734 2099 1784 2159 der
1807 2100 2034 2160 academischen
2062 2103 2174 2163 Hand¬

1180 2148 1254 2208 lung
1284 2144 1364 2204 hatte
1394 2141 1445 2201 der
1469 2142 1549 2202 Herr
1578 2145 1774 2205 Defendent
1792 2148 1838 2208 die
1862 2149 1982 2209 Gnade
2006 2151 2057 2211 von
2092 2154 2167 2214 Sr.

1186 2194 1324 2254 Königl.
1335 2190 1423 2250 Hoh.
1435 2190 1490 2250 aus
1512 2193 1556 2253 den
1584 2196 1711 2256 Händen
1745 2199 1810 2259 dero
1828 2200 1943 2260 würkl.
1960 2202 2164 2262 Cämmerers

1182 2243 1242 2303 und
1276 2238 1303 2298 zu
1331 2237 1424 2297 dieser
1447 2246 1674 2306 Feyerlichkeit
1696 2251 1923 2311 abgeordneten
1957 2252 2056 2312 Herrn
2084 2249 2172 2309 Gra¬

1178 2288 1222 2348 fen
1250 2285 1305 2345 von
1340 2288 1545 2348 Schafgotsch
1579 2297 1652 2357 eine
1675 2300 1808 2360 goldene
1842 2303 1936 2363 Kette
1965 2303 2025 2363 mit
2054 2303 2176 2363 anhän¬

1178 2335 1293 2395 gender
1322 2338 1501 2398 Medaille,
1525 2345 1657 2405 worauf
1681 2349 1732 2409 das
1768 2349 1911 2409 Bildniß
1941 2351 1993 2411 des
2028 2351 2171 2411 Durchl.

1189 2381 1397 2441 Cronprinzen
1434 2390 1519 2450 war,
1538 2395 1568 2455 zu
1606 2399 1765 2459 erhalten.
1815 2399 1887 2459 Der
1919 2399 2035 2459 hiesige
2060 2396 2170 2456 Vene¬

1179 2430 1332 2490 tianische
1366 2440 1570 2500 Abgesandte
1616 2446 1731 2506 Ritter
1770 2446 1898 2506 Tron,
1931 2445 1975 2505 ist
2008 2446 2168 2506 ernannt,

1182 2484 1212 2544 zu
1243 2481 1378 2541 Verona
1416 2488 1476 2548 mit
1508 2493 1562 2553 den
1619 2496 1864 2556 Commißarien
1914 2494 2006 2554 Ihro
2050 2493 2098 2553 K,
2123 2495 2172 2555 K.

1182 2529 1277 2589 Maj.
1302 2532 1344 2592 die
1368 2541 1622 2601 Streitigkeiten
1659 2545 1772 2605 gütlich
1809 2545 2014 2605 beyzulegen,
2045 2542 2093 2602 die
2123 2542 2153 2602 an

1182 2581 1230 2641 den
1262 2584 1415 2644 Granzen
1440 2588 1495 2648 von
1526 2593 1667 2653 Venedig
1698 2595 1753 2655 und
1778 2593 1943 2653 Mayland
1969 2590 2165 2650 entstanden.

1455 2639 1617 2699 Paris,
1641 2641 1693 2701 den
1722 2641 1762 2701 2.
1792 2641 1901 2701 Merz.

1233 2675 1304 2735 Die
1324 2681 1396 2741 fünf
1416 2688 1611 2748 Deputirten
1638 2688 1683 2748 des
1711 2688 1919 2748 Parlements
1946 2685 1971 2745 zu
2005 2682 2161 2742 Toulouse

1179 2724 1280 2784 haben
1317 2730 1365 2790 den
1401 2733 1438 2793 25
1468 2739 1564 2799 Febr.
1589 2736 1733 2796 Audienz
1764 2736 1836 2796 beym
1885 2735 2011 2795 Könige
2036 2731 2168 2791 gehabt.

1181 2777 1347 2837 Vermöge
1386 2784 1469 2844 eines
1521 2784 1886 2844 Parlamentsschlusses
1926 2781 1982 2841 vom
2041 2778 2162 2838 22ten,

1180 2826 1310 2886 wurden
1363 2834 1434 2894 vier
1481 2835 1656 2895 Schriften
1710 2837 1807 2897 durch
1854 2835 1905 2895 den
1958 2827 2167 2887 Scharfrich=
