2479 3508
352 300 636 360 Göttingen,
660 294 712 354 den
749 294 813 354 22.
837 292 937 352 Febr.

206 348 274 408 Die
298 350 443 410 Königl.
461 344 762 404 Landesregierung
792 343 820 403 zu
844 343 1035 403 Hannover
1047 345 1104 405 hat
1122 342 1168 402 den

153 396 289 456 hiesigen
323 395 583 455 Hauswirthen,
612 389 726 449 welche
749 389 822 449 ihre
851 392 941 452 durch
976 394 1026 454 den
1066 395 1162 455 Krieg

159 447 344 507 verwüstete
369 443 446 503 oder
477 440 531 500 von
567 437 783 497 Hausgeräth
820 443 981 503 entblößte
1018 446 1162 506 Zimmer

154 497 349 557 ungesaumt
372 491 490 551 wieder
513 488 539 548 in
567 489 762 549 wohnbaren
806 494 925 554 Stand
958 494 1071 554 setzen,
1094 494 1163 554 oder

147 544 224 604 neue
246 542 380 602 Stuben
407 538 536 598 anlegen
568 538 697 598 wollen,
708 539 744 599 um
781 542 894 602 selbige
916 545 972 605 auf
989 542 1040 602 den
1061 542 1175 602 Som¬

156 592 225 652 mer
251 592 281 652 an
317 586 509 646 Studenten
534 586 736 646 vermiethen
767 592 796 652 zu
827 592 973 652 können,
999 595 1024 655 zu
1055 592 1105 652 den
1136 589 1180 649 er¬

147 640 287 700 weislich
323 637 421 697 daran
469 637 676 697 verwandten
718 640 831 700 Kosten
873 643 941 703 eine
967 643 1169 703 Vergütung

158 688 216 748 von
247 687 281 747 30
317 684 370 744 pro
400 685 482 745 Cent
500 688 729 748 ausgemacht.

384 736 606 796 Münster,
637 736 697 796 den
740 741 806 801 29.

841 739 944 799 Febr.

197 778 276 838 Der
301 783 479 843 Churfürst
504 785 528 845 zu
566 784 651 844 Cölln
676 786 737 846 hat
756 786 805 846 sich
830 786 903 846 hier
922 788 989 848 eine
1015 786 1161 846 Zeitlang

153 829 383 889 aufgehalten,
407 837 470 897 und
495 837 575 897 wird
599 837 633 897 am
679 834 696 894 5
731 837 829 897 Merz
865 837 934 897 nach
975 835 1078 895 Bonn
1108 837 1165 897 und

157 876 212 936 von
246 882 366 942 dannen
395 885 466 945 nach
489 886 671 946 Frankfurt
694 887 859 947 abreisen,
882 888 920 948 um
959 885 1008 945 den
1042 888 1163 948 dasigen

161 933 509 993 Crönungsgeschäfte
533 935 794 995 beyzuwohnen.

228 984 504 1044 Frankfurt,
526 986 559 1046 am
615 986 753 1046 Mayn,
782 984 836 1044 vom
881 984 947 1044 20.
970 984 1074 1044 Febr.

201 1026 266 1086 Die
300 1034 616 1094 Wahlconferenzen
644 1034 738 1094 haben
772 1032 949 1092 vorgestern
988 1034 1076 1094 ihren
1105 1036 1176 1096 An¬

145 1079 219 1139 fang
246 1085 463 1145 genommen.
512 1085 559 1145 An
591 1085 660 1145 eben
692 1082 739 1142 dem
777 1082 947 1142 Tagetraf
963 1082 1010 1142 der
1032 1085 1170 1145 Königl.

157 1127 287 1187 Preuß.
304 1133 753 1193 Gesandschaftsmarschall,
794 1130 884 1190 Herr
907 1131 998 1191 Graf
1022 1133 1078 1193 von
1107 1133 1180 1193 Po¬

148 1179 282 1239 dewils,
310 1181 423 1241 allhier
445 1181 504 1241 an.
554 1181 667 1241 Heute
690 1181 900 1241 Vormittags
939 1181 998 1241 sind
1036 1184 1084 1244 die
1107 1184 1176 1244 für¬

152 1226 312 1286 treflichen
335 1225 657 1285 Wahlbothschafter
691 1228 747 1288 das
770 1231 969 1291 zweytemal
987 1231 1042 1291 zur
1059 1231 1164 1291 Wahl

152 1276 320 1336 conferenz
347 1275 406 1335 auf
427 1275 479 1335 den
512 1276 638 1336 Römer
660 1276 839 1336 gefahren.
897 1279 1029 1339 Abends
1067 1279 1161 1339 gaben

151 1322 205 1382 der
225 1321 322 1381 Fürst
342 1321 401 1381 von
431 1321 632 1381 Lichtenstein
662 1321 691 1381 in
721 1321 770 1381 dem
824 1321 927 1381 Saal
957 1321 1006 1381 zum
1060 1322 1168 1382 König

152 1368 211 1428 von
242 1366 398 1426 England
428 1365 489 1425 und
514 1366 644 1426 morgen
671 1363 780 1423 Abend
806 1363 856 1423 der
882 1366 977 1426 Fürst
992 1363 1163 1423 Esterhazy

151 1413 180 1473 im
226 1410 392 1470 Junghof
428 1410 579 1470 abermal
605 1407 685 1467 Bal
711 1407 771 1467 und
802 1408 968 1468 Soupee.
1040 1407 1165 1467 Diesen

152 1456 300 1516 Morgen
332 1458 390 1518 sind
411 1458 459 1518 der
481 1458 597 1518 Reichs
613 1457 872 1517 Erbmarschall,
899 1456 983 1516 Herr
1005 1455 1095 1515 Graf
1106 1455 1163 1515 von

152 1506 293 1566 Pappen
317 1506 378 1566 heim
418 1509 486 1569 hier
515 1506 748 1566 eingetroffen;
777 1509 964 1569 imgleichen
993 1506 1038 1566 ein
1073 1507 1174 1567 Theil

148 1555 210 1615 von
245 1557 295 1617 der
324 1557 522 1617 Chursächs.
539 1558 873 1618 Schweitzergarde,
902 1561 964 1621 wie
993 1561 1060 1621 auch
1100 1562 1167 1622 eine

155 1608 293 1668 Anzahl
312 1610 470 1670 Kayserl.
489 1610 677 1670 Reitpferde
703 1612 746 1672 rc.

408 1676 587 1736 Rouen,
611 1679 663 1739 den
699 1679 762 1739 22.
792 1679 890 1739 Febr.

200 1721 274 1781 Die
298 1730 460 1790 Gemalin
501 1729 587 1789 eines
622 1730 755 1790 hiesigen
791 1730 1091 1790 Parlementraths
1115 1730 1172 1790 hat

147 1774 231 1834 über
264 1777 316 1837 die
343 1778 575 1838 Verbannung
612 1778 728 1838 unsers
760 1778 987 1838 Parlaments
1019 1778 1172 1838 folgende

152 1822 253 1882 Verse
282 1828 373 1888 unter
402 1827 452 1887 dem
499 1825 589 1885 Titel
613 1825 698 1885 einer
721 1822 937 1882 Grabschrift
960 1825 1130 1885 gemacht:

258 1873 300 1933 Ci
322 1877 392 1937 git,
414 1873 489 1933 sous
527 1873 581 1933 ces
614 1868 721 1928 sacrés
755 1868 943 1928 portiques,

256 1921 317 1981 Ces
352 1921 519 1981 marbres,
544 1916 597 1976 ces
626 1915 741 1975 voutes
771 1912 938 1972 antiques,

205 1969 250 2029 Un
290 1969 484 2029 respectable
517 1963 640 2023 Corps,
667 1960 745 2020 dont
772 1960 817 2020 les
850 1964 1025 2024 Membres
1052 1972 1149 2032 epars

253 2017 410 2077 Courent
449 2011 568 2071 encore
607 2008 697 2068 mille
731 2008 879 2068 hasards,

202 2064 347 2124 Passant,
359 2064 391 2124 de
408 2060 564 2120 quelques
581 2058 684 2118 pleurs
700 2058 803 2118 arrose
831 2058 857 2118 au
879 2059 993 2119 moins
1004 2058 1030 2118 sa
1047 2061 1177 2121 cendre!

201 2109 265 2169 Son
296 2109 367 2169 zele
398 2109 483 2169 etoit
509 2109 533 2169 si
559 2111 635 2171 pur,
661 2112 710 2172 son
757 2110 857 2170 coeur
888 2109 973 2169 etoit
1004 2112 1029 2172 si
1050 2112 1160 2172 tendre

203 2159 232 2219 Il
269 2160 443 2220 cherissoit
474 2158 503 2218 le
534 2162 672 2222 peuple,
702 2161 732 2221 il
757 2163 888 2223 adoroit
919 2162 943 2222 le
973 2163 1057 2223 Roi,

250 2206 294 2266 De
329 2208 379 2268 son
420 2211 537 2271 devoir
566 2212 695 2272 suivant
724 2213 751 2273 la
781 2212 853 2272 loi;

201 2260 289 2320 Long
323 2262 400 2322 tems
429 2261 506 2321 avec
546 2264 701 2324 honneur
729 2264 756 2324 il
779 2264 879 2324 servit
907 2264 934 2324 sa
963 2261 1067 2321 Patrie

255 2312 348 2372 Mais
385 2312 520 2372 menacé
568 2312 802 2372 d'ignominie

253 2363 374 2423 Accusé
410 2363 470 2423 pur
501 2363 526 2423 la
557 2360 739 2420 Calomnie

257 2412 303 2472 De
335 2414 543 2474 Rebellion,
570 2411 741 2471 d'attentat

262 2458 286 2518 Il
316 2461 399 2521 aima
435 2460 547 2520 mieux
582 2458 685 2518 s'oter
720 2461 744 2521 la
774 2461 823 2521 vie

205 2505 278 2565 Que
313 2507 347 2567 de
376 2511 466 2571 vivre
495 2509 563 2569 sans
592 2508 705 2568 gloire
741 2512 768 2572 et
797 2513 831 2573 de
860 2515 967 2575 trahir
991 2509 1110 2569 l'Etat.

167 2554 247 2614 Eine
270 2559 386 2619 andere
409 2560 744 2620 Parlamentsräthin
774 2563 831 2623 hat
849 2563 941 2623 dieser
970 2558 1178 2618 Grabschrift

160 2606 391 2666 nachstehende
415 2608 571 2668 Strophe
589 2610 739 2670 entgegen
775 2611 901 2671 gesetzt:

184 2652 232 2712 De
265 2652 341 2712 tous
369 2652 417 2712 les
445 2655 656 2715 Parlemens,
679 2658 858 2718 Madame,
880 2663 917 2723 un
956 2660 1027 2720 seul
1060 2658 1070 2718 a
1098 2655 1178 2715 tort.

186 2706 261 2766 Loin
287 2704 318 2764 de
350 2703 550 2763 combattre,
576 2708 607 2768 il
626 2709 713 2769 fuit;
739 2706 808 2766 loin
846 2711 877 2771 de
909 2712 1053 2772 vainire,
1072 2709 1097 2769 il
1116 2704 1172 2764 ab-

749 2758 888 2818 dique:

185 2808 278 2868 Ainsi
296 2805 318 2865 le
352 2802 441 2862 vieux
469 2806 569 2866 Caton
598 2806 625 2866 en
659 2805 686 2865 se
709 2808 865 2868 donnant
882 2813 904 2873 la
938 2814 1026 2874 mort

186 2859 225 2919 Au
258 2858 316 2918 lieu
351 2857 383 2917 de
410 2855 435 2915 la
456 2858 567 2918 servir,
594 2861 699 2921 perdit
726 2861 745 2921 sa
772 2864 988 2924 republique.

1495 294 1660 354 Paris,
1685 297 1737 357 den
1773 300 1838 360 27.
1862 299 1962 359 Febr.

1264 342 1336 402 Der
1364 345 1469 405 König
1503 345 1557 405 hat
1580 345 1629 405 dem
1674 345 1796 405 Herzog
1830 345 1885 405 von
1919 348 2063 408 Broglio
2086 348 2146 408 und
2174 344 2229 404 sei=

1211 392 1267 452 nem
1309 393 1443 453 Bruder
1470 395 1516 455 dem
1563 392 1686 452 Grafen
1718 395 1836 455 wieder
1858 395 1987 455 erlaubt
2008 395 2059 455 bey
2091 396 2178 456 Hofe
2189 395 2220 455 zu

1213 443 1406 503 erscheinen.
1462 443 1539 503 Das
1567 442 1738 502 Schicksal
1749 446 1798 506 der
1827 446 1975 506 Jesuiten
2004 446 2036 506 ist
2070 448 2158 508 durch
2186 443 2230 503 ei¬

1205 492 1264 552 nen
1285 491 1613 551 Parlamentsschluß
1634 491 1851 551 eutschieden,
1867 494 1917 554 der
1933 497 2023 557 unter
2044 497 2089 557 dem
2125 497 2215 557 22ten

1203 542 1234 602 d.
1261 544 1426 604 registrirt
1448 542 1601 602 worden.
1676 542 1751 602 Die
1783 545 1985 605 Mitglieder
2012 545 2064 605 des
2103 545 2230 605 Parla¬

1208 592 1313 652 ments
1350 590 1382 650 zu
1419 591 1562 651 Rouen,
1583 589 1699 649 welche
1721 589 1794 649 ihre
1821 592 1958 652 Stellen
1991 595 2228 655 niedergelegt,

1209 640 1353 700 erhielten
1387 640 1442 700 den
1471 640 1566 700 23ten
1594 637 1621 697 d.
1650 637 1856 697 verschloßne
1884 639 2051 699 Befehle,
2086 645 2124 705 um
2169 646 2219 706 sich

1213 691 1262 751 den
1293 691 1333 751 12
1364 691 1465 751 Merz
1485 688 1601 748 wieder
1627 688 1656 748 zu
1687 687 1919 747 versammlen.

1451 739 1653 799 London,
1680 738 1738 798 vom
1786 738 1849 798 27.
1877 737 1982 797 Febr.

1256 785 1332 845 Den
1363 786 1457 846 21ten
1482 789 1576 849 dieses
1606 786 1712 846 wurde
1731 786 1754 846 im
1796 786 1991 846 Oberhause
2009 787 2074 847 eine
2099 786 2222 846 gewiße

1214 837 1374 897 Schrift:
1397 836 1479 896 Das
1508 840 1612 900 Recht
1635 837 1689 897 auf
1712 837 1762 897 dem
1807 834 1939 894 Thron,
1967 837 2045 897 oder
2067 837 2117 897 die
2139 835 2227 895 Vor¬

1207 888 1286 948 züge
1303 885 1350 945 der
1372 888 1525 948 Käyserl.
1536 885 1636 945 Crone
1658 885 1716 945 von
1743 888 2097 948 Großbrittannienrc.
2119 888 2230 948 verur¬

1205 936 1318 996 theilt,
1346 937 1372 997 zu
1405 939 1644 999 Westmünster
1671 936 1719 996 den
1752 936 1844 996 25ten
1877 936 1936 996 und
1965 939 2018 999 vor
2046 939 2094 999 der
2122 937 2229 997 Börse

1208 990 1239 1050 zu
1266 984 1393 1044 London
1425 987 1472 1047 den
1510 990 1599 1050 27ten
1631 985 1732 1045 dieses
1764 987 1854 1047 durch
1891 986 1944 1046 den
1982 990 2230 1050 Scharfrichter

1210 1031 1390 1091 verbrannt
1416 1036 1445 1096 zu
1476 1037 1621 1097 werden.
1672 1034 1747 1094 Den
1778 1034 1868 1094 23ten
1899 1036 2024 1096 gestand
2050 1037 2099 1097 der
2120 1037 2230 1097 Buch=

1209 1082 1356 1142 drucker,
1379 1088 1526 1148 Wilhelm
1567 1085 1707 1145 Griffin,
1731 1085 1775 1145 die
1799 1085 2014 1145 Handschrift
2031 1085 2087 1145 von
2122 1088 2206 1148 einem

1211 1131 1356 1191 gewissen
1389 1136 1587 1196 Timotheus
1615 1136 1792 1196 Brecknock
1815 1133 1954 1193 erhalten
1987 1136 2013 1196 zu
2041 1136 2164 1196 haben,
2176 1136 2224 1196 der

1210 1184 1410 1244 aufgehoben
1443 1184 1505 1244 und
1532 1185 1553 1245 in
1585 1186 1817 1246 Verwahrung
1844 1184 1996 1244 gebracht
2018 1185 2139 1245 werden
2171 1184 2229 1244 soll

1211 1231 1254 1291 bis
1282 1233 1336 1293 auf
1358 1232 1488 1292 weitere
1511 1231 1734 1291 Verfügung.
1784 1232 1859 1292 Die
1881 1228 1963 1288 zwey
1996 1231 2148 1291 Processe
2182 1233 2230 1293 ge¬

1204 1279 1263 1339 gen
1293 1279 1400 1339 Herrn
1430 1277 1553 1337 Wilkes
1583 1279 1685 1339 wegen
1726 1279 1774 1339 der
1804 1276 1917 1336 45sten
1957 1278 2128 1338 Nummer
2163 1279 2222 1339 und

1209 1322 1261 1382 des
1295 1321 1456 1381 Versuchs
1491 1321 1571 1381 über
1600 1321 1647 1381 die
1677 1321 1954 1381 Frauenzimmer
1983 1321 2044 1381 sind
2083 1324 2140 1384 bey
2169 1326 2221 1386 der

1210 1363 1309 1423 Bank
1335 1366 1385 1426 des
1411 1365 1541 1425 Königs
1567 1364 1622 1424 vor
1648 1366 1697 1426 dem
1749 1367 1964 1427 Oberrichter
2001 1369 2221 1429 Mannsfield

1206 1410 1258 1470 den
1291 1410 1348 1470 21.
1365 1410 1391 1470 d.
1407 1411 1591 1471 entschieden
1618 1413 1676 1473 und
1697 1413 1914 1473 Angeklagter
1936 1416 2067 1476 schuldig
2089 1422 2226 1482 erklärt;

1205 1458 1254 1518 die
1275 1461 1512 1521 Bestimmung
1543 1461 1593 1521 der
1618 1464 1800 1524 verdienten
1831 1464 1962 1524 Strafe
1993 1467 2068 1527 aber
2099 1470 2159 1530 auf
2190 1472 2229 1532 ei¬

1205 1512 1264 1572 nen
1300 1512 1415 1572 andern
1456 1512 1531 1572 Tag
1567 1515 1752 1575 verschoben
1788 1515 1939 1575 worden.
2010 1518 2215 1578 Unterdessen

1211 1563 1261 1623 die
1285 1563 1381 1623 Bank
1404 1563 1454 1623 des
1483 1566 1618 1626 Konigs
1647 1566 1726 1626 diese
1749 1565 1861 1625 Sache
1885 1566 1952 1626 nach
1981 1568 2031 1628 dem
2084 1569 2218 1629 Wunsch

1213 1616 1263 1676 des
1292 1616 1484 1676 Ministerii
1496 1617 1711 1677 entschieden,
1735 1619 1915 1679 beschlossen
1939 1619 1989 1679 der
2007 1619 2227 1679 Lord=Maire

1215 1667 1278 1727 und
1310 1668 1357 1728 die
1390 1670 1638 1730 Bürgerschaft
1665 1668 1717 1728 von
1755 1671 1881 1731 London
1919 1673 1971 1733 dem
2014 1673 2224 1733 Oberrichter

1221 1720 1322 1780 Pratt
1340 1721 1425 1781 einen
1454 1721 1737 1781 Aufnahmebrief
1760 1721 1788 1781 in
1817 1724 1902 1784 einer
1925 1724 2078 1784 goldenen
2107 1727 2231 1787 Büchse

1220 1772 1245 1832 zu
1278 1769 1505 1829 überreichen,
1532 1772 1590 1832 und
1622 1772 1711 1832 baten
1744 1772 1791 1832 sich
1812 1775 1944 1835 zugleich
1971 1771 2018 1831 die
2040 1775 2224 1835 Erlaubniß

1213 1817 1269 1877 aus
1290 1817 1346 1877 sein
1388 1815 1553 1875 Gemälde
1580 1819 1610 1879 zu
1642 1819 1786 1879 besorgen
1812 1822 1848 1882 um
1884 1822 2013 1882 selbigem
2050 1822 2116 1882 eine
2138 1820 2230 1880 Stel¬

1213 1866 1238 1926 le
1264 1864 1321 1924 auf
1342 1862 1393 1922 dem
1434 1864 1645 1924 Stadthause
1671 1870 1764 1930 unter
1790 1868 1841 1928 den
1878 1873 2114 1933 berühmtesten
2145 1873 2232 1933 Per¬

1215 1912 1300 1972 sonen
1330 1909 1587 1969 einzuräumen.
1638 1918 1813 1978 Franklin,
1839 1918 1894 1978 der
1920 1920 1964 1980 die
1990 1922 2221 1982 Verbannung

1216 1963 1265 2023 der
1291 1957 1397 2017 45sten
1427 1957 1598 2017 Nummer
1624 1966 1815 2026 verhindern
1846 1968 1992 2028 wollen,
2023 1972 2139 2032 wurde
2174 1972 2224 2032 den

1215 2010 1310 2070 22ten
1347 2004 1378 2064 d.
1410 2003 1611 2063 verurtheilt
1633 2006 1658 2066 zu
1696 2010 1711 2070 3
1749 2014 1896 2074 Monath
1929 2017 2156 2077 Gefängniß,
2188 2020 2219 2080 zu

1217 2055 1301 2115 einer
1333 2049 1507 2109 Geldbuße
1529 2047 1587 2107 von
1619 2049 1635 2109 6
1677 2054 1809 2114 Schill.
1836 2058 1851 2118 8
1884 2058 1952 2118 Pf.
1974 2059 2037 2119 und
2069 2061 2101 2121 zu
2138 2062 2227 2122 einer

1222 2104 1353 2164 Caution
1390 2100 1468 2160 einer
1492 2097 1564 2157 gute
1589 2098 1798 2158 Aufführung
1829 2103 1889 2163 auf
1914 2105 1955 2165 ein
1986 2108 2081 2168 Jahr
2106 2111 2202 2171 lang.

1261 2151 1337 2211 Der
1366 2149 1393 2209 im
1438 2148 1581 2208 Januar
1616 2150 1698 2210 ohne
1727 2151 1831 2211 Erben
1876 2156 1993 2216 allhier
2027 2160 2231 2220 verstorbene

1213 2199 1385 2259 Baronet,
1409 2196 1497 2256 Herr
1515 2200 1622 2260 Georg
1652 2205 1829 2265 Dawning
1853 2207 1913 2267 hat
1931 2209 1989 2269 sein
2014 2211 2132 2271 großes
2156 2214 2238 2274 Ver¬

1215 2251 1327 2311 mögen
1356 2244 1406 2304 der
1430 2249 1639 2309 Universität
1662 2255 1695 2315 zu
1729 2258 1933 2318 Cambridge
1961 2261 2153 2321 vermacht,
2182 2263 2232 2323 die

1217 2300 1249 2360 an
1277 2297 1387 2357 baarem
1433 2299 1537 2359 Gelde
1555 2303 1693 2363 100000
1721 2309 1787 2369 Pf.
1804 2312 1865 2372 St.
1877 2312 2036 2372 erhalten,
2054 2314 2159 2374 wofür
2181 2315 2225 2375 ein

1217 2348 1310 2408 neues
1339 2346 1505 2406 Collegium
1545 2356 1706 2416 erbauet,
1735 2363 1796 2423 und
1819 2363 1890 2423 noch
1925 2363 2030 2423 10000
2064 2366 2130 2426 Pf.
2148 2366 2242 2426 jähr=

1213 2399 1291 2459 liche
1326 2397 1512 2457 Einkünfte
1540 2406 1574 2466 zu
1609 2410 1704 2470 deßen
1745 2414 1993 2474 Unterhaltung
2033 2414 2236 2474 angewandt

1218 2448 1336 2508 werden
1365 2450 1478 2510 sollen.
1530 2453 1581 2513 Er
1604 2458 1671 2518 war
1700 2461 1739 2521 ein
1780 2461 2011 2521 Abkömmling
2040 2461 2091 2521 des
2120 2462 2232 2522 Georg

1214 2497 1424 2557 Dawning,
1447 2506 1583 2566 welcher
1612 2509 1668 2569 vom
1720 2513 1907 2573 Cromwell
1924 2512 1970 2572 als
2004 2512 2168 2572 Minister
2197 2512 2230 2572 an

1217 2549 1264 2609 die
1294 2553 1571 2613 Generalstaaten
1607 2562 1743 2622 gesandt
1761 2562 1855 2622 war,
1885 2560 1973 2620 deßen
2003 2563 2133 2623 Partey
2157 2563 2233 2623 aber

1217 2599 1335 2659 verließ
1364 2604 1426 2664 und
1455 2610 1488 2670 es
1517 2612 1578 2672 mit
1601 2614 1680 2674 Carl
1703 2614 1753 2674 dem
1793 2613 1922 2673 zweyten
1957 2611 2058 2671 hielt,
2081 2611 2227 2671 wodurch

1215 2652 1268 2712 der
1293 2652 1420 2712 Grund
1457 2659 1486 2719 zu
1517 2665 1619 2725 diesen
1662 2664 1777 2724 großen
1826 2661 2079 2721 Reichthümern
2128 2663 2231 2723 gelegt

1215 2703 1375 2763 worden.

1491 2762 1662 2822 Basel,
1698 2760 1751 2820 den
1787 2760 1828 2820 20
1858 2760 1963 2820 Febr.

1269 2804 1342 2864 Die
1368 2807 1478 2867 Sache
1503 2813 1552 2873 des
1584 2814 1694 2874 Herrn
1720 2809 1842 2869 Calas,
1855 2809 1985 2869 welcher
2010 2810 2065 2870 auf
2084 2805 2238 2865 Beschul=

1225 2859 1345 2919 digung
1372 2864 1467 2924 seinen
1500 2864 1601 2924 Sohn
1628 2861 1838 2921 umgebracht
1865 2861 1889 2921 zu
1922 2861 2043 2921 haben,
2057 2855 2235 2915 hingerich=

2183 2909 2230 2969 tet
