2479 3508
225 318 271 378 tet
290 318 419 378 worden
449 318 501 378 ist,
532 318 590 378 hat
614 315 667 375 den
697 315 802 375 Herrn
838 315 896 375 von
920 315 1073 375 Voltaire
1097 315 1273 375 bewogen,

229 369 339 429 etwas
372 369 403 429 de
424 368 450 428 la
477 363 661 423 Tolerance
683 365 714 425 zu
741 366 930 426 schreiben,
957 363 1083 423 worinn
1115 364 1146 424 er
1168 366 1262 426 unter
1311 369 1442 429 haben,
1469 369 1531 429 mit
1564 372 1610 432 der
1638 374 1901 434 Versicherung,
1928 373 1985 433 daß
2017 372 2048 432 er
2075 372 2127 432 vor
2154 372 2228 432 allen
2260 374 2333 434 Na¬

237 419 339 479 seinen
372 413 545 473 Beweisen
572 413 626 473 für
654 413 702 473 die
724 413 880 473 Unschuld
913 413 967 473 des
994 413 1102 473 Herrn
1140 414 1269 474 Calas,

235 466 345 526 einige
373 464 515 524 Gründe
542 461 675 521 gewagt
696 464 765 524 hat,
792 464 881 524 deren
914 462 1062 522 Vortrag
1089 464 1115 524 in
1148 458 1269 518 Frank¬

229 515 312 575 reich
343 513 369 573 so
395 512 473 572 übel
494 514 749 574 aufgenommen
781 515 942 575 worden,
969 512 1025 572 daß
1047 512 1145 572 dieses
1171 510 1259 570 Buch

239 563 470 623 gegenwärtig
500 564 581 624 desto
604 566 697 626 mehr
721 566 848 626 gesucht
866 565 976 625 wird,
1000 565 1080 625 weil
1098 564 1127 624 es
1156 561 1271 621 verbo¬

236 616 292 676 ten
321 612 477 672 worden.

433 664 800 724 Coppenhagen,
830 661 883 721 den
913 661 948 721 27
979 661 1078 721 Febr.

288 711 373 771 Den
413 714 509 774 23ten
555 715 651 775 dieses
686 712 839 772 Monats
880 712 981 772 legten
1021 711 1072 771 des
1113 712 1259 772 Prinzen

248 765 435 825 Friedrichs
463 763 605 823 Königl.
628 760 776 820 Hoheit,
804 757 831 817 in
859 759 1068 819 Gegenwart
1090 760 1139 820 der
1162 760 1271 820 gehei¬

234 813 313 873 men
340 810 622 870 Staatsminister
643 808 706 868 eine
734 807 983 867 ruhmwürdige
1010 809 1126 869 Probe
1153 810 1206 870 von
1227 808 1275 868 ih¬

239 861 297 921 rer
319 861 545 921 Wißenschaft
572 858 598 918 in
625 858 677 918 der
694 858 878 918 christlichen
916 859 1148 919 Sittenlehre,
1164 859 1190 919 in
1217 857 1269 917 der

240 909 439 969 Geschichte
467 909 520 969 des
554 909 808 969 Naturrechts,
836 909 895 969 und
923 906 949 966 in
983 909 1031 969 der
1064 909 1269 969 lateinischen

251 958 412 1018 Sprache
434 960 493 1020 ab.
537 960 591 1020 In
629 959 715 1019 einer
748 957 1007 1017 Versammlung
1035 957 1082 1017 der
1116 960 1277 1020 Seeaßu¬

239 1007 529 1067 ranzgesellschaft
552 1009 593 1069 ist
623 1004 802 1064 beschloßen
838 1004 965 1064 worden
995 1005 1087 1065 ihren
1118 1006 1279 1066 Theilha¬

243 1057 323 1117 bern
351 1058 361 1118 6
394 1057 544 1117 Procent
567 1056 625 1116 von
658 1058 712 1118 dem
762 1052 972 1112 Caßabehalt
1010 1053 1064 1113 des
1108 1052 1264 1112 1763sten

252 1107 393 1167 Jahres
416 1108 659 1168 auszuzahlen,
676 1103 806 1163 welches
835 1100 891 1160 von
920 1101 1061 1161 600000
1084 1103 1208 1163 Rthlr.
1226 1102 1276 1162 als

245 1157 302 1217 dem
343 1160 459 1220 ganzen
489 1157 575 1217 Fond
605 1154 656 1214 der
674 1151 907 1211 Compagnie,
931 1151 1040 1211 36000
1070 1151 1186 1211 Rthlr.
1204 1151 1278 1211 aus=

247 1204 382 1264 macht.

492 1246 752 1306 Mayland,
784 1244 833 1304 den
865 1243 907 1303 13
933 1241 1038 1301 Febr.

299 1299 381 1359 Der
405 1303 535 1363 Herzog
571 1297 629 1357 von
659 1297 748 1357 York
778 1294 890 1354 reisete
920 1294 972 1354 den
1002 1294 1037 1354 10
1073 1291 1173 1351 dieses
1209 1291 1267 1351 von

239 1354 404 1414 Genua,
431 1354 489 1414 und
516 1351 612 1411 denkt
633 1348 728 1408 heute
750 1345 825 1405 oder
852 1346 979 1406 morgen
1011 1345 1038 1405 zu
1076 1348 1182 1408 Turin
1214 1345 1283 1405 ein¬

246 1402 428 1462 zutreffen.
479 1399 555 1459 Vor
578 1399 677 1459 seiner
711 1398 843 1458 Abreise
877 1399 987 1459 langte
1015 1399 1059 1459 ein
1098 1399 1269 1459 englisches

246 1452 489 1512 Kriegesschiff
512 1451 539 1511 zu
573 1449 694 1509 Genua
717 1449 777 1509 an,
806 1448 938 1508 welches
966 1447 1032 1507 eine
1055 1448 1187 1508 Menge
1210 1446 1265 1506 von

244 1500 383 1560 Uhren,
410 1499 652 1559 Tobacksdosen
684 1499 745 1559 und
772 1497 1128 1557 Galanterie=Waaren
1159 1497 1278 1557 mitge¬

238 1550 381 1610 bracht,
409 1548 453 1608 die
482 1550 553 1610 man
581 1548 719 1608 400000
754 1548 875 1608 Rthlr.
892 1548 991 1608 werth
1020 1546 1152 1606 schätzt.
1175 1545 1268 1605 Ihro

251 1599 405 1659 Königl.
422 1599 549 1659 Hoheit
572 1596 698 1656 werden
726 1593 842 1653 selbige
871 1593 898 1653 zu
932 1593 1130 1653 Geschenken
1164 1593 1218 1653 auf
1230 1592 1279 1652 ih¬

242 1646 304 1706 rer
327 1648 425 1708 Reise
453 1643 542 1703 durch
568 1643 704 1703 Italien
731 1637 946 1697 austheilen.

551 1688 694 1748 Rom,
722 1686 774 1746 den
807 1685 849 1745 11
876 1685 977 1745 Febr.

306 1739 386 1799 Aus
419 1739 559 1799 Neapel
587 1737 770 1797 vernimmt
797 1736 899 1796 man,
932 1736 986 1796 daß
1029 1735 1088 1795 das
1127 1735 1272 1795 gemeine

252 1790 347 1850 Volk
370 1793 472 1853 wegen
501 1790 551 1850 der
574 1790 755 1850 Theurung
784 1790 981 1850 aufrührisch
1010 1787 1112 1847 wird,
1135 1790 1197 1850 und
1220 1787 1270 1847 daß

257 1843 381 1903 neulich
410 1842 443 1902 zu
483 1841 636 1901 Avellino
671 1842 721 1902 bey
761 1840 851 1900 einem
897 1837 1152 1897 gleichmäßigen
1198 1837 1282 1897 Auf¬

250 1894 362 1954 stande
388 1894 422 1954 90
459 1891 637 1951 Menschen
668 1891 739 1951 ums
770 1886 861 1946 Leben
893 1885 1101 1945 gekommen.

497 1936 711 1996 Ancona,
748 1934 805 1994 den
836 1930 883 1990 11
910 1928 1014 1988 Febr.

304 1981 404 2041 Weil
423 1983 470 2043 die
494 1984 577 2044 Pest
602 1984 624 2044 in
655 1981 850 2041 Dalmatien
881 1978 928 2038 sich
958 1981 1207 2041 ausgebreitet,
1226 1981 1278 2041 hat

256 2032 311 2092 sich
339 2032 432 2092 unser
455 2031 704 2091 Stadthalter,
732 2031 820 2091 Herr
843 2031 964 2091 Altieri
993 2031 1053 2091 auf
1076 2028 1202 2088 Befehl
1219 2030 1269 2090 des

253 2086 395 2146 heiligen
430 2085 566 2145 Stuhls
595 2085 702 2145 hieher
731 2082 884 2142 begeben,
913 2084 946 2144 um
987 2081 1077 2141 durch
1106 2079 1282 2139 vereinigte

257 2138 556 2198 Aufmerksamkeit
574 2136 602 2196 zu
637 2136 818 2196 verhüten,
836 2134 886 2194 daß
921 2136 966 2196 die
990 2132 1176 2192 Contagion
1199 2132 1284 2192 nicht

253 2187 305 2247 die
332 2188 453 2248 Länder
480 2186 533 2246 des
560 2186 808 2246 Kirchenstaats
830 2183 988 2243 berühre.

524 2231 738 2291 Toulon,
764 2231 816 2291 den
848 2229 884 2289 16
916 2230 1014 2290 Febr.

309 2279 386 2339 Die
411 2279 550 2339 Königl.
574 2276 725 2336 Fregatte
750 2276 773 2336 la
804 2276 955 2336 Topase,
980 2282 1094 2342 welche
1119 2279 1173 2339 vom
1209 2276 1281 2336 Rit=

247 2331 295 2391 ter
322 2329 375 2389 von
413 2327 604 2387 Luxenburg
632 2324 855 2384 commandirt
882 2329 1032 2389 worden,
1059 2333 1122 2393 und
1149 2328 1202 2388 zur
1219 2324 1282 2384 Es¬

256 2378 352 2438 cadre
375 2377 428 2437 des
456 2377 585 2437 Ritters
612 2375 666 2435 von
699 2375 806 2435 Fabry
834 2376 974 2436 gehört,
1001 2384 1109 2444 langte
1131 2380 1184 2440 den
1218 2375 1276 2435 17.

256 2426 360 2486 dieses
389 2426 410 2486 in
444 2429 554 2489 unsern
582 2426 687 2486 Hafen
715 2426 776 2486 an,
798 2424 858 2484 und
887 2427 1003 2487 bringt
1020 2432 1080 2492 uns
1108 2430 1157 2490 die
1175 2432 1285 2492 Nach¬

258 2479 340 2539 richt
361 2476 443 2536 mit,
474 2475 526 2535 daß
558 2476 608 2536 den
640 2474 732 2534 16ten
764 2474 903 2534 Januar
924 2476 965 2536 ein
996 2480 1280 2540 Friedenstractat

254 2527 400 2587 zwischen
435 2527 621 2587 Frankreich
650 2524 712 2584 und
735 2524 786 2584 der
815 2526 1007 2586 Regierung
1036 2532 1064 2592 zu
1093 2530 1206 2590 Algier
1229 2530 1279 2590 ge¬

261 2576 404 2636 schlossen
438 2576 586 2636 worden.
637 2572 719 2632 Der
747 2572 857 2632 Ritter
891 2573 946 2633 von
980 2581 1089 2641 Fabry
1123 2581 1178 2641 hat
1206 2581 1255 2641 dem

251 2626 343 2686 Aly,
365 2624 577 2684 Bey=Bacha
606 2626 671 2686 eine
699 2623 834 2683 goldene
857 2623 916 2683 mit
939 2629 1146 2689 Diamanten
1174 2630 1288 2690 besetz¬

257 2677 291 2737 te
320 2673 389 2733 Uhr
413 2673 579 2733 verehret,
603 2675 660 2735 und
689 2673 787 2733 dieser
811 2670 897 2730 jenem
938 2674 978 2734 ein
1007 2679 1278 2739 Gegengeschenk

259 2724 325 2784 von
353 2723 369 2783 2
398 2718 535 2778 Löwen,
564 2720 574 2780 2
603 2721 758 2781 Tygern,
775 2721 791 2781 4
819 2719 929 2779 Ochsen
958 2724 1013 2784 und
1041 2726 1080 2786 12
1108 2730 1273 2790 Schaafen

257 2775 423 2835 gemacht,
447 2769 530 2829 ohne
554 2769 601 2829 die
625 2771 780 2831 Gerichte
816 2769 869 2829 von
905 2772 1100 2832 Milchrahm
1142 2778 1171 2838 zu
1202 2781 1284 2841 rech¬

256 2826 347 2886 nen,
369 2821 487 2881 womit
515 2817 547 2877 er
575 2820 633 2880 alle
661 2820 758 2880 Tage
785 2820 844 2880 von
872 2820 925 2880 der
953 2826 1136 2886 Gemahlin
1174 2830 1276 2890 dieses

262 2876 488 2936 barbarischen
525 2873 655 2933 Fürsten
690 2873 855 2933 beköstigt
877 2870 1028 2930 worden.
1091 2879 1166 2939 Der
1201 2881 1276 2941 Bey

1302 319 1361 379 soll
1388 318 1440 378 dem
1487 321 1605 381 Ritter
1640 324 1731 384 mehr
1758 324 1810 384 als
1838 321 1962 381 einmal
1983 321 2029 381 die
2056 323 2154 383 Hand
2182 324 2333 384 gedruckt

1305 416 1420 476 tionen
1448 416 1475 476 in
1504 418 1636 478 Europa
1664 423 1697 483 am
1741 424 1862 484 meisten
1896 422 1940 482 die
1963 422 2139 482 Franzosen
2167 423 2283 483 liebte.

1590 470 1763 530 Turin,
1795 472 1850 532 den
1882 470 1925 530 15
1950 470 2055 530 Febr.

1360 511 1434 571 Der
1470 514 1597 574 Herzog
1627 518 1679 578 von
1714 521 1800 581 York
1824 522 1934 582 langte
1958 522 1986 582 am
2034 521 2126 581 12ten
2161 518 2219 578 des
2248 520 2340 580 Mit¬

1310 563 1387 623 tags
1421 566 1442 626 in
1482 566 1537 626 den
1571 566 1765 626 königlichen
1805 572 1954 632 Kutschen
1988 574 2054 634 an,
2077 572 2188 632 welche
2216 569 2265 629 ihn
2294 569 2321 629 zu

1309 613 1504 673 empfangen
1537 613 1585 673 bis
1613 613 1666 673 auf
1689 613 1731 673 die
1759 616 1829 676 erste
1857 619 1938 679 Post
1960 622 2106 682 entgegen
2139 619 2317 679 gekommen

1310 664 1442 724 waren,
1470 663 1530 723 und
1559 664 1653 724 begab
1681 664 1725 724 sich
1753 667 1791 727 um
1831 668 1841 728 4
1864 670 1930 730 Uhr
1953 673 2024 733 nach
2052 671 2158 731 Hofe.
2191 667 2329 727 Abends

1309 712 1439 772 erschien
1472 715 1498 775 er
1521 715 1547 775 in
1586 712 1640 772 der
1662 714 1776 774 Oper,
1798 716 1857 776 und
1890 718 2031 778 besprach
2064 721 2118 781 sich
2146 721 2237 781 lange
2271 718 2335 778 mit

1312 763 1365 823 dem
1409 763 1539 823 König,
1550 763 1598 823 dem
1632 763 1777 823 Herzoge
1800 764 1858 824 von
1881 766 2037 826 Chablais
2065 769 2124 829 und
2152 772 2205 832 den
2233 770 2335 830 Prin¬

1310 813 1492 873 zeßinnen.
1544 810 1618 870 Se.
1636 812 1778 872 Königl.
1790 813 1916 873 Hoheit
1934 816 2048 876 denken
2077 822 2186 882 einige
2203 822 2271 882 Zeit
2289 820 2345 880 un¬

1316 863 1365 923 ter
1391 863 1440 923 dem
1479 861 1611 921 Namen
1643 863 1730 923 eines
1763 861 1893 921 Grafen
1926 863 1982 923 von
2014 869 2139 929 Ulster,
2165 871 2334 931 incognit¬

1321 912 1438 972 allhier
1461 912 1514 972 sich
1538 913 1771 973 aufzuhalten.

1494 963 1812 1023 Königsberg,
1838 960 1896 1020 den
1929 960 1993 1020 18.
2020 960 2143 1020 Merz.

1361 1004 1475 1064 Heute
1506 1010 1602 1070 genoß
1633 1010 1748 1070 unsere
1773 1010 1887 1070 Stadt
1906 1007 1960 1067 das
1991 1007 2196 1067 vorzügliche
2221 1017 2342 1077 Glück,

1317 1055 1427 1115 Ihren
1461 1058 1533 1118 noch
1567 1058 1833 1118 unvergeßlichen
1872 1058 2071 1118 ehemaligen
2100 1060 2338 1120 Gouverneur,

1320 1103 1373 1163 des
1401 1105 1503 1165 Herrn
1530 1106 1686 1166 General
1703 1109 1730 1169 en
1768 1109 1870 1169 Chef,
1892 1106 2254 1166 General=Directeur
2281 1114 2329 1174 des

1319 1151 1477 1211 gesamten
1515 1155 1800 1215 Policeywesens,
1833 1157 2017 1217 wirklichen
2055 1154 2314 1214 Kammerherrn

1320 1198 1586 1258 Vice=Obristen
1621 1201 1677 1261 von
1711 1202 1790 1262 Sr.
1814 1205 1966 1265 Kaiserl.
1989 1206 2125 1266 Hoheit
2154 1204 2205 1264 des
2228 1207 2323 1267 Groß

1316 1248 1439 1308 fürsten
1470 1249 1816 1309 Cüraßierregiment,
1843 1253 2023 1313 Senateur
2045 1252 2106 1312 und
2127 1255 2251 1315 Rittern
2277 1257 2328 1317 von

1320 1297 1424 1357 Korff
1447 1300 1612 1360 Excellenz
1640 1300 1689 1360 bey
1718 1300 1811 1360 Dero
1839 1303 2037 1363 Durchreise
2060 1305 2126 1365 nach
2154 1306 2209 1366 dem
2254 1306 2341 1366 war¬

1317 1351 1385 1411 men
1419 1353 1515 1413 Bade
1544 1353 1707 1413 wiederum
1747 1353 1775 1413 in
1804 1354 1888 1414 ihren
1917 1357 2047 1417 Wällen
2076 1357 2103 1417 zu
2138 1357 2244 1417 sehen.
2273 1356 2329 1416 So

1321 1404 1447 1464 erfreut
1471 1405 1685 1465 Königsberg
1709 1407 1801 1467 durch
1836 1407 1934 1467 diesen
1970 1407 2102 1467 Anblick
2137 1407 2340 1467 geworden;

1320 1458 1347 1518 so
1371 1455 1472 1515 gewiß
1500 1457 1539 1517 ist
1563 1457 1613 1517 es,
1642 1458 1692 1518 daß
1721 1458 1748 1518 es
1777 1458 1827 1518 die
1856 1461 2200 1521 Verbindlichkeiten,
2229 1461 2279 1521 die
2302 1461 2330 1521 es

1320 1506 1393 1566 Sr.
1417 1505 1580 1565 Excellenz
1604 1506 1660 1566 für
1688 1506 1785 1566 Dero
1819 1509 1955 1569 hiesiges
1984 1509 2073 1569 weise
2108 1512 2170 1572 und
2205 1509 2345 1569 leutseli¬

1316 1558 1353 1618 ge
1380 1555 1676 1615 Gouvernement,
1703 1557 1761 1617 und
1788 1559 1856 1619 auch
1878 1558 1904 1618 in
1931 1560 2137 1620 Petersburg
2165 1563 2238 1623 noch
2265 1560 2344 1620 fort¬

1316 1599 1444 1659 gesetzte
1476 1601 1620 1661 gnädige
1657 1605 1893 1665 Gesinnungen
1931 1608 2023 1668 gegen
2060 1610 2173 1670 unsere
2200 1610 2343 1670 Landes¬

1311 1640 1412 1700 leute,
1444 1644 1583 1704 schuldig
1622 1646 1825 1706 geblieben,
1851 1653 1989 1713 allemal
2010 1655 2034 1715 in
2060 1658 2243 1718 dankbarem
2276 1660 2345 1720 An¬

1317 1691 1433 1751 denken
1466 1693 1609 1753 behalten
1648 1692 1748 1752 wird.

1636 1846 2028 1906 AVERTISSEMENT.

1372 1914 1464 1974 Beym
1508 1920 1672 1980 Verleger
1695 1921 1787 1981 dieser
1816 1924 1952 1984 Zeitung
1975 1921 2017 1981 ist
2032 1921 2052 1981 zu
2082 1921 2218 1981 haben:
2240 1924 2339 1984 Jour¬

1321 1966 1378 2026 nal
1402 1969 1673 2029 encyclopedique
1697 1972 1732 2032 p.
1750 1972 1864 2032 l'anné
1894 1975 2010 2035 1763.
2028 1975 2062 2035 24
2097 1972 2189 2032 Part.
2202 1972 2236 2032 8.
2254 1975 2288 2035 44
2311 1976 2345 2036 fl.

1319 2015 1557 2075 Dictionnaire
1584 2020 1726 2080 nouveau
1759 2023 2113 2083 allemand-françois,
2135 2020 2166 2080 et
2183 2020 2341 2080 françois-

1317 2067 1484 2127 allemand
1512 2070 1522 2130 à
1555 2067 1695 2127 l'usage
1729 2067 1782 2127 des
1810 2070 1890 2130 deux
1929 2073 2080 2133 nations,
2108 2071 2118 2131 2
2157 2072 2264 2132 Tom.
2292 2076 2345 2136 gr.

1322 2118 1339 2178 4
1373 2117 1395 2177 et
1413 2116 1463 2176 gr.
1475 2118 1508 2178 8.
1526 2118 1536 2178 à
1560 2116 1684 2176 Strasb.
1702 2118 1740 2178 21
1764 2118 1803 2178 fl.
1854 2121 1995 2181 Mosers
2013 2124 2238 2184 Betrachtung
2261 2125 2334 2185 über

1318 2164 1369 2224 die
1393 2164 1672 2224 Aufrichtigkeit,
1696 2166 1777 2226 Frf.
1795 2166 1853 2226 und
1882 2170 1987 2230 Leipz.
2005 2173 2021 2233 1
2045 2175 2086 2235 fl.
2139 2175 2220 2235 Der
2250 2175 2347 2235 große

1323 2213 1414 2273 Gott
1432 2212 1461 2272 im
1502 2214 1646 2274 kleinen,
1664 2214 1721 2274 auf
1745 2214 1807 2274 eine
1838 2217 1935 2277 seiner
1959 2217 2126 2277 Majestät
2144 2223 2340 2283 anständige

1317 2263 1430 2323 Weise
1464 2262 1497 2322 an
1526 2261 1576 2321 dem
1628 2264 1809 2324 Geschöpfe
1843 2266 1893 2326 der
1916 2265 2052 2325 Bienen
2081 2270 2249 2330 betrachtet
2278 2270 2329 2330 von

1319 2316 1366 2376 J.
1391 2312 1445 2372 G.
1464 2309 1705 2369 Wallpurger,
1729 2316 1777 2376 8,
1796 2315 1970 2375 Chemnitz
1989 2312 2079 2372 763,
2104 2313 2115 2373 2
2146 2317 2182 2377 fl.
2231 2321 2339 2381 Süß¬

1320 2365 1430 2425 milchs
1464 2360 1613 2420 göttliche
1636 2363 1802 2423 Ordnung
1836 2367 1863 2427 in
1891 2365 1941 2425 den
1969 2363 2252 2423 Veranderungen
2285 2371 2335 2431 des

1317 2414 1539 2474 menschlichen
1573 2411 1795 2471 Geschlechts,
1812 2417 1873 2477 aus
1901 2415 1950 2475 der
1979 2414 2134 2474 Geburt,
2157 2417 2207 2477 dem
2246 2421 2340 2481 Tode

1322 2464 1383 2524 und
1414 2462 1463 2522 der
1482 2458 1739 2518 Fortpflanzung
1765 2467 1905 2527 desselben
1937 2462 2102 2522 erwiesen,
2121 2466 2133 2526 2
2158 2470 2292 2530 Theile,
2306 2478 2342 2538 8,

1311 2512 1355 2572 10
1386 2512 1430 2572 fl.

1364 2626 1469 2686 Diese
1487 2629 1666 2689 Zeitungen
1689 2635 1811 2695 werden
1840 2632 2007 2692 Montags
2030 2635 2091 2695 und
2109 2638 2271 2698 Freytags
2288 2635 2321 2695 um

1313 2682 1350 2742 10
1377 2679 1440 2739 Uhr
1462 2676 1669 2736 Vormittags
1696 2680 1722 2740 im
1765 2682 1977 2742 Kanterschen
1999 2685 2189 2745 Buchladen
2222 2683 2338 2743 ausge=

1317 2732 1438 2792 geben,
1450 2724 1538 2784 allwo
1561 2724 1626 2784 auch
1649 2730 1715 2790 noch
1732 2732 1787 2792 von
1810 2733 1859 2793 den
1887 2733 2014 2793 hiesigen
2042 2736 2124 2796 resp.
2136 2734 2329 2794 Liebhabern

1319 2778 1370 2838 die
1391 2772 1674 2832 Prånumeration
1711 2784 1949 2844 angenommen
1985 2786 2093 2846 wird,
2120 2783 2336 2843 Auswärtige

1319 2829 1397 2889 aber
1416 2823 1554 2883 belieben
1579 2826 1627 2886 sich
1653 2834 1779 2894 deshalb
1810 2835 1858 2895 bey
1883 2835 1931 2895 dem
1968 2838 2126 2898 Postamt
2145 2835 2229 2895 ihres
2254 2832 2338 2892 Orts

1310 2883 1343 2943 zu
1373 2873 1523 2933 melden.
