2479 3508
602 1249 721 1309 15tes
768 1253 933 1313 Stück.
998 1252 1219 1312 Freytag,
1257 1252 1320 1312 den
1376 1254 1449 1314 23.
1487 1252 1633 1312 März.
1672 1252 1809 1312 1764.

370 1348 608 1408 Madgeburg,
636 1351 793 1411 Stendal
810 1351 842 1411 u.
859 1351 1005 1411 Leipzig.

181 1396 354 1456 Hechtel
368 1399 428 1459 und
456 1396 662 1456 Compagnie
683 1399 782 1459 haben
817 1398 963 1458 verlegt:
984 1391 1004 1451 "
1031 1396 1197 1456 Theorie,

207 1437 336 1497 der
364 1443 396 1503 am
434 1443 471 1503 23
494 1445 590 1505 Julii
613 1446 720 1506 1762.
743 1446 953 1506 erschienenen
981 1446 1191 1506 Feuerkugel,

178 1493 431 1553 „abgehandelt
463 1494 522 1554 von
571 1495 716 1555 Johann
766 1497 886 1557 Esaias
936 1497 1165 1557 Silberschlag

172 1538 348 1598 "Pastore
380 1542 411 1602 an
443 1545 493 1605 der
519 1545 650 1605 heiligen
682 1548 883 1608 Geistkirche
903 1551 933 1611 zu
966 1551 1179 1611 Magdeburg

178 1579 190 1639 „
209 1591 270 1651 und
307 1596 504 1656 Mittgliede
530 1599 578 1659 der
604 1599 751 1659 Königl.
776 1605 911 1665 Preuß.
937 1605 1115 1665 Academie
1134 1605 1188 1665 der

182 1646 475 1706 „Wissenschaften
502 1649 534 1709 zu
561 1652 704 1712 Berlin.
737 1655 808 1715 Mit
828 1655 978 1715 Kupfern
999 1655 1109 1715 1764.
1122 1656 1161 1716 13

180 1699 469 1759 „Qvartseiten."
528 1697 655 1757 Dieser
684 1704 875 1764 ungeheure
904 1706 1113 1766 Feuerballen
1148 1705 1199 1765 er¬

176 1748 333 1808 leuchtete
357 1749 497 1809 beynahe
526 1751 576 1811 den
605 1751 717 1811 vierten
751 1751 852 1811 Theil
875 1754 931 1814 von
965 1757 1184 1817 Deutschland

175 1791 238 1851 mit
265 1798 355 1858 einem
398 1801 556 1861 Glanze,
593 1799 645 1859 der
672 1801 730 1861 das
768 1801 852 1861 Licht
879 1801 932 1861 des
969 1805 1191 1865 Vollmondes

170 1842 252 1902 weit
289 1844 475 1904 übertraf,
523 1846 589 1906 und
631 1845 698 1905 war
735 1846 771 1906 zu
818 1846 875 1906 der
912 1847 1020 1907 Zeit,
1057 1855 1108 1915 als
1155 1854 1191 1914 er

177 1891 205 1951 in
235 1893 286 1953 der
310 1896 506 1956 scheinbaren
541 1891 657 1951 Größe
675 1894 761 1954 einer
791 1894 1068 1954 Sternschnuppe
1092 1903 1190 1963 zuerst

177 1945 339 2005 entdecket
356 1942 479 2002 wurde,
507 1939 577 1999 nach
604 1939 658 1999 den
685 1942 960 2002 Beobachtungen
993 1946 1041 2006 des
1069 1950 1177 2010 gelehr

176 1993 220 2053 ten
255 1990 464 2050 Verfassers,
488 1987 685 2047 wenigstens
715 1990 748 2050 19
788 1993 929 2053 deutsche
953 1993 1077 2053 Meilen
1112 1996 1185 2056 über

181 2037 225 2097 die
243 2034 407 2094 Erdfläche
430 2034 594 2094 erhaben.
640 2037 719 2097 Das
748 2043 906 2103 prächtige
930 2043 1059 2103 Meteor
1083 2045 1172 2105 durch

176 2083 264 2143 strich
289 2085 353 2145 mit
371 2085 454 2145 einer
484 2091 750 2151 Schnelligkeit,
775 2097 869 2157 gegen
900 2094 946 2154 die
977 2094 1024 2154 der
1048 2094 1124 2154 Flug
1155 2096 1195 2156 ei¬

176 2133 232 2193 ner
261 2138 523 2198 Canonenkugel
552 2145 636 2205 nicht
666 2145 694 2205 in
718 2148 962 2208 Vergleichung
986 2145 1133 2205 kommt,
1156 2145 1184 2205 in

179 2186 259 2246 etwa
281 2187 362 2247 zwey
384 2193 540 2253 Minuten
568 2194 648 2254 einen
681 2196 778 2256 Raum
816 2199 870 2259 von
903 2196 1048 2256 beynahe
1065 2196 1178 2256 80000

183 2237 330 2297 Toisen,
354 2243 546 2303 horizontal
563 2246 620 2306 von
655 2246 705 2306 dem
751 2247 1006 2307 Verticalpunkt
1023 2244 1102 2304 über
1126 2243 1198 2303 Rö¬

177 2288 225 2348 cke
248 2294 398 2354 ohnweit
421 2294 577 2354 Leipzig,
610 2297 658 2357 bis
696 2297 852 2357 seitwerts
891 2294 1079 2354 Potsdamm
1123 2294 1182 2354 und

178 2345 387 2405 Falkenreh,
416 2345 478 2405 und
507 2345 597 2405 barst
626 2345 654 2405 in
694 2348 778 2408 einer
814 2348 909 2408 Höhe
932 2345 988 2405 von
1024 2343 1091 2403 vier
1109 2342 1198 2402 deut¬

179 2388 240 2448 sche
269 2396 421 2456 Meilen,
450 2396 523 2456 nach
557 2396 641 2456 einem
688 2396 761 2456 Fall
778 2398 834 2458 von
869 2399 907 2459 15
936 2394 1094 2454 Meilen,
1128 2390 1190 2450 mit

177 2436 266 2496 einem
307 2444 442 2504 Knalle,
460 2446 510 2506 der
539 2443 612 2503 spät
636 2443 771 2503 gehöret
789 2449 918 2509 wurde,
936 2447 992 2507 und
1021 2443 1071 2503 den
1095 2440 1190 2500 Don¬

176 2485 236 2545 ner
265 2493 437 2553 übertraf.
505 2494 581 2554 Die
611 2494 726 2554 Größe
761 2497 860 2557 dieser
888 2499 1094 2559 Feuerkugel
1123 2488 1188 2548 war

181 2535 259 2595 allen
300 2542 390 2602 diesen
425 2545 685 2605 Erscheinungen
714 2545 855 2605 gemäs,
890 2549 952 2609 und
992 2544 1088 2604 hielte
1111 2540 1184 2600 nach

176 2587 309 2647 unseres
343 2590 532 2650 Verfassers
583 2593 834 2653 geometrischer
868 2599 1101 2659 Bestimmung
1141 2587 1168 2647 im

171 2640 432 2700 Durchmesser,
456 2642 652 2702 wenigstens
688 2643 776 2703 3036
813 2648 949 2708 Pariser
979 2646 1073 2706 Fuß,
1098 2641 1133 2701 d.
1163 2639 1192 2699 i.

183 2690 271 2750 mehr
304 2690 348 2750 als
382 2688 431 2748 die
459 2689 575 2749 Hälfte
603 2691 657 2751 von
697 2691 751 2751 dem
796 2700 961 2760 Viertheil
990 2694 1077 2754 einer
1100 2689 1193 2749 deut¬

184 2742 260 2802 schen
296 2739 420 2799 Meile.
468 2739 533 2799 Ein
557 2742 639 2802 jeder
669 2745 852 2805 Zuschauer
877 2750 923 2810 der
948 2746 1060 2806 Welt,
1078 2742 1130 2802 der
1155 2737 1195 2797 ei¬

172 2795 268 2855 niger
293 2793 372 2853 edlen
409 2790 640 2850 Empfindung
665 2793 756 2853 fahig
788 2797 848 2857 ist,
873 2800 945 2860 muß
983 2797 1012 2857 es
1043 2795 1098 2855 dem
1141 2788 1195 2848 ge¬

177 2847 303 2907 lehrten
332 2846 388 2906 und
417 2845 586 2905 würdigen
622 2845 727 2905 Herrn
756 2847 925 2907 Verfasser
947 2850 1046 2910 Dank
1068 2844 1194 2904 wissen,

1226 1350 1282 1410 daß
1305 1348 1333 1408 er
1362 1348 1447 1408 durch
1482 1348 1561 1408 seine
1584 1345 1845 1405 Nachforschung
1874 1345 1937 1405 und
1966 1342 2232 1402 Betrachtungen

1222 1396 1349 1456 unseres
1376 1395 1444 1455 noch
1472 1393 1573 1453 wenig
1600 1395 1769 1455 gekannten
1796 1390 2003 1450 Luftkreises,
2015 1391 2094 1451 diese
2110 1393 2242 1453 Riesen¬

1225 1443 1366 1503 geburt,
1393 1443 1566 1503 (glänzend
1594 1443 1653 1503 und
1681 1443 1886 1503 erschrecklich
1914 1437 1973 1497 wie
1995 1437 2163 1497 bisweilen
2196 1440 2244 1500 co¬

1231 1494 1363 1554 lossische
1399 1494 1613 1554 Menschen,
1637 1494 1712 1554 aber
1748 1491 1817 1551 auch
1858 1488 1927 1548 eben
1963 1488 1991 1548 so
2015 1488 2136 1548 schnell
2172 1488 2240 1548 ver¬

1229 1548 1390 1608 schlungen
1426 1545 1455 1605 im
1502 1545 1611 1605 weiten
1647 1543 1826 1603 Abgrunde
1850 1540 1902 1600 des
1925 1537 2070 1597 Nichts)
2100 1536 2157 1596 hat
2181 1536 2232 1596 der

1229 1599 1482 1659 Vergessenheit
1506 1597 1671 1657 entreißen
1707 1596 1842 1656 wollen.
1878 1591 1948 1651 Die
1979 1587 2231 1647 Naturforscher

1236 1652 1304 1712 aber
1338 1649 1457 1709 werden
1486 1652 1513 1712 in
1548 1649 1599 1709 den
1634 1649 1848 1709 vortreflichen
1883 1643 2144 1703 Betrachtungen
2173 1637 2234 1697 und

1234 1703 1482 1763 Anmerkungen
1511 1700 1639 1760 unseres
1668 1699 1911 1759 scharffinnigen
1946 1693 2131 1753 Verfassers
2166 1691 2246 1751 viel¬

1228 1754 1358 1814 fältigen
1391 1754 1493 1814 Anlas
1521 1751 1553 1811 zu
1581 1753 1678 1813 neuem
1727 1749 1912 1809 Unterricht
1940 1745 1999 1805 und
2038 1745 2091 1805 zur
2114 1740 2243 1800 Erwei¬

1228 1803 1341 1863 terung
1364 1802 1454 1862 ihrer
1478 1802 1726 1862 Natureinsicht
1745 1799 1925 1859 antreffen.
1971 1795 2079 1855 Diese
2102 1792 2243 1852 Schrift

1225 1850 1346 1910 besteht
1362 1848 1422 1908 aus
1449 1846 1544 1906 zween
1576 1846 1835 1906 Haupttheilen,
1856 1843 1942 1903 deren
1973 1841 2023 1901 der
2044 1840 2156 1900 erstere
2177 1840 2232 1900 von

1228 1900 1279 1960 dem
1326 1894 1568 1954 Dunstkreise,
1599 1897 1650 1957 der
1687 1894 1811 1954 zweyte
1847 1893 1909 1953 von
1945 1894 2002 1954 der
2033 1891 2239 1951 Feuerkugel

1228 1945 1378 2005 handelt,
1406 1941 1459 2001 dem
1498 1942 1562 2002 noch
1584 1942 1752 2002 Beylagen
1780 1945 1833 2005 von
1861 1941 2103 2001 eingelaufenen
2131 1940 2238 2000 Nach=

1222 1994 1335 2054 richten
1374 1989 1433 2049 und
1455 1990 1779 2050 Wahrnehmungen
1806 1990 2022 2050 angehänget
2039 1990 2119 2050 sind.
2169 1987 2228 2047 Da

1226 2045 1275 2105 der
1308 2036 1446 2096 gelehrte
1469 2034 1557 2094 Herr
1580 2034 1701 2094 Pastor
1729 2036 1762 2096 in
1796 2035 1850 2095 der
1884 2034 2050 2094 gemeinen
2090 2031 2238 2091 Theorie

1228 2094 1283 2154 vom
1328 2082 1537 2142 Dunstkreise
1566 2079 1648 2139 keine
1677 2079 1925 2139 Befriedigung
1948 2079 2069 2139 findet,
2092 2079 2119 2139 so
2142 2081 2235 2141 trägt

1226 2145 1253 2205 er
1277 2141 1355 2201 seine
1384 2130 1491 2190 eigene
1520 2130 1696 2190 Gedanken
1737 2130 1832 2190 davon
1872 2127 1957 2187 vor,
1980 2127 2036 2187 und
2065 2127 2161 2187 siehet
2179 2129 2229 2189 sich

1223 2188 1429 2248 genöthiget,
1448 2181 1530 2241 einen
1554 2184 1607 2244 den
1632 2180 1909 2240 Naturforschern
1940 2178 2222 2238 ungewöhnlichen

1232 2235 1395 2295 Schwung
1427 2229 1476 2289 bis
1502 2234 1558 2294 auf
1584 2236 1627 2296 die
1647 2234 1759 2294 Höhen
1785 2234 1841 2294 der
1860 2234 2086 2294 Metaphysick
2112 2234 2137 2294 zu
2162 2231 2237 2291 neh=

1223 2287 1314 2347 men.
1361 2280 1413 2340 Er
1436 2282 1539 2342 suchet
1558 2288 1649 2348 durch
1673 2288 1834 2348 Gründe,
1852 2284 1961 2344 welche
1990 2282 2047 2342 von
2083 2282 2151 2342 viel
2169 2282 2238 2342 Be¬

1223 2336 1361 2396 deutung
1396 2333 1477 2393 aber
1506 2336 1586 2396 nicht
1616 2340 1761 2400 gnugsam
1813 2336 2044 2396 ausgewickelt
2068 2335 2234 2395 scheinen,

1223 2384 1436 2444 darzuthun:
1455 2386 1506 2446 daß
1535 2388 1581 2448 die
1605 2393 1812 2453 Gegenwart
1837 2390 1882 2450 der
1906 2384 2114 2444 körperlichen
2143 2383 2241 2443 Sub¬

1226 2433 1345 2493 stanzen
1382 2435 1412 2495 im
1455 2439 1587 2499 Raume
1612 2442 1775 2502 eigentlich
1805 2439 1878 2499 eine
1897 2436 2041 2496 Sphäre
2066 2433 2113 2493 der
2132 2432 2240 2492 Wirk¬

1225 2485 1353 2545 samkeit
1373 2485 1437 2545 sey,
1464 2488 1514 2548 die
1534 2491 1624 2551 ihren
1650 2493 1869 2553 dynamischen
1896 2485 2043 2545 Umkreis
2069 2482 2127 2542 und
2153 2481 2242 2541 Mit¬

1228 2536 1376 2596 telpunkt
1390 2539 1467 2599 hat.
1514 2542 1584 2602 Aus
1618 2543 1669 2603 der
1689 2540 1975 2600 Verschiedenheit
1996 2533 2092 2593 dieser
2113 2530 2235 2590 Sphä=

1220 2587 1273 2647 ren
1303 2587 1361 2647 und
1391 2588 1439 2648 der
1469 2592 1586 2652 Kräfte
1605 2593 1658 2653 die
1676 2593 1787 2653 darinn
1818 2587 1959 2647 wirken,
1990 2584 2060 2644 nach
2085 2581 2131 2641 dem
2173 2581 2243 2641 Un=

1224 2638 1391 2698 terschiede
1416 2641 1464 2701 der
1488 2643 1728 2703 Substanzen,
1753 2640 1843 2700 leitet
1874 2635 1903 2695 er
1922 2633 1969 2693 die
1994 2634 2234 2694 Spannkraft,

1224 2687 1274 2747 die
1300 2691 1558 2751 Verdichtung,
1590 2697 1640 2757 die
1672 2688 1842 2748 Zitterung
1887 2685 1937 2745 der
1969 2682 2050 2742 Luft
2077 2681 2139 2741 und
2178 2676 2233 2736 des

1231 2736 1397 2796 Aethers,
1424 2742 1474 2802 den
1508 2744 1656 2804 Schall,
1676 2739 1726 2799 den
1759 2736 1855 2796 Ton,
1882 2733 1984 2793 Licht,
2011 2729 2139 2789 Farben
2172 2724 2235 2784 und

1225 2790 1391 2850 Warme,
1418 2794 1597 2854 imgleichen
1631 2792 1704 2852 auch
1739 2786 1784 2846 die
1819 2784 2011 2844 Anziehung
2038 2778 2091 2838 der
2125 2775 2244 2835 Mate¬

1221 2841 1286 2901 rien
1317 2844 1389 2904 her.
1437 2847 1532 2907 Alles
1557 2844 1658 2904 dieses
1688 2841 1766 2901 wird
1791 2840 1820 2900 im
1856 2833 1952 2893 ersten
1982 2826 2167 2886 Abschnitte
2186 2823 2239 2883 des

2125 2875 2229 2935 ersten
