2479 3508
175 360 284 420 ganzen
308 358 534 418 Bestimmung
558 352 615 412 und
639 345 842 405 Einrichtung
866 348 958 408 dieser
982 348 1144 408 nützlichen

173 407 308 467 Arbeit,
338 405 427 465 giebt
451 400 539 460 Herr
563 394 670 454 Doct.
688 392 900 452 Bertling
937 395 965 455 in
1002 395 1084 455 einer
1114 395 1154 455 le¬

171 453 404 513 senswürdigen
438 441 586 501 Vorrede
615 440 842 500 umständliche
871 443 933 503 und
962 443 1149 503 sorgfältige

173 500 359 560 Nachricht.
405 488 478 548 Die
501 488 625 548 übrigen
654 488 841 548 Mitglieder
870 491 960 551 dieser
978 491 1153 551 gelehrten,

171 545 391 605 ehrwürdigen
420 538 482 598 und
511 533 726 593 patriotischen
761 539 965 599 Gesellschaft
983 539 1044 599 sind
1068 539 1152 599 Herr

176 589 280 649 Doct.
303 584 465 644 Heller,
488 580 704 640 Hauptpastor
733 585 766 645 zu
795 584 866 644 St.
884 586 1045 646 Marien,
1068 583 1156 643 Herr

178 635 280 695 Mag.
296 628 589 688 Verpoorten,
617 630 779 690 Prediger
801 632 828 692 zu
855 631 920 691 St.
942 631 1153 691 Catharinen,

175 679 259 739 Herr
281 676 380 736 Mag.
407 674 607 734 Ehwald,
629 678 792 738 Prediger
819 679 850 739 zu
882 679 955 739 St.
972 679 1150 739 Salvator.

175 721 262 781 Weil
278 721 351 781 alles
372 721 460 781 gleich
491 723 579 783 unter
601 724 689 784 ihnen
715 727 766 787 ist,
793 727 912 787 werden
939 727 974 787 sie
996 727 1068 787 gute
1089 724 1146 784 und

175 767 239 827 böse
260 766 451 826 Nachrede,
472 769 587 829 Arbeit
619 772 674 832 und
709 772 987 832 Verantwortung
1017 775 1158 835 gemein¬

176 813 318 873 schaftlich
345 816 471 876 tragen.
519 819 666 879 Jedem,
688 821 740 881 der
762 821 793 881 an
825 819 867 879 die
894 819 1099 879 Gesellschaft
1116 818 1157 878 et¬

170 859 236 919 was
268 862 397 922 bringen
429 865 516 925 will,
548 867 625 927 steht
652 869 744 929 frey,
771 867 802 927 an
838 867 900 927 wen
937 867 1024 927 unter
1051 865 1148 925 diesen

175 907 244 967 fünf
266 911 430 971 Häuptern
457 913 488 973 er
510 914 595 974 selbst
617 914 706 974 will,
734 915 781 975 sich
819 915 850 975 zu
877 915 1042 975 wenden;
1090 915 1153 975 und

171 957 372 1017 auswärtige
393 963 537 1023 Freunde
558 963 666 1023 können
698 963 764 1023 eine
790 960 898 1020 sichere
920 963 1146 1023 Beförderung

173 1001 257 1061 ihrer
284 1008 395 1068 Briefe
417 1010 475 1070 und
502 1010 671 1070 Beyträge
693 1010 777 1070 durch
804 1010 851 1070 den
884 1007 1015 1067 jüngern
1048 1010 1148 1070 Herrn

239 1127 484 1187 Frankfurt
520 1127 560 1187 am
607 1130 747 1190 Mayn,
771 1131 829 1191 vom
870 1130 928 1190 12.
958 1130 1074 1190 März.

221 1173 369 1233 Nachdem
406 1172 458 1232 des
480 1174 770 1234 hochansehnlichen
802 1178 939 1238 Kaiserl.
966 1181 1156 1241 Commissa¬

172 1217 229 1277 rii,
262 1219 362 1279 Herrn
399 1214 526 1274 Fürsten
563 1216 616 1276 von
654 1222 849 1282 Lichtenstein
876 1225 1018 1285 Durchl.
1046 1226 1150 1286 Ihren

170 1264 278 1324 bisher
303 1261 484 1321 rühmlichst
509 1264 695 1324 getragenen
730 1268 906 1328 Character
936 1270 1152 1330 niedergelegt

170 1309 230 1369 und
258 1308 343 1368 durch
381 1306 465 1366 einen
508 1306 657 1366 Cavalier
686 1311 798 1371 sämtl.
822 1312 930 1372 Herrn
963 1312 1160 1372 Wahlboth¬

171 1351 315 1411 schaftern
344 1348 549 1408 nachrichtlich
587 1351 727 1411 bekannt
751 1354 867 1414 machen
901 1354 1012 1414 lassen:
1046 1354 1073 1414 so
1102 1352 1162 1412 em¬

165 1396 308 1456 pfiengen
338 1393 598 1453 Höchstdieselben
628 1393 717 1453 Tags
742 1395 854 1455 vorher
880 1398 928 1458 die
959 1396 1155 1456 Glückwün¬

176 1440 432 1500 schungsbesuche
458 1437 553 1497 wegen
579 1437 684 1497 Ihrer
710 1438 760 1498 den
786 1440 856 1500 9ten
891 1441 922 1501 d.
942 1443 1148 1503 Vormittags

166 1485 451 1545 vorgenommenen
482 1485 627 1545 Abreise,
653 1487 762 1547 welche
784 1489 871 1549 gleich
898 1490 985 1550 Dero
1007 1488 1151 1548 Ankunft

170 1534 231 1594 mit
263 1533 412 1593 derselben
454 1535 681 1595 Feyerlichkeit
718 1539 976 1599 bewerkstelliget
1007 1539 1157 1599 worden.

171 1579 237 1639 Die
260 1584 459 1644 Begleitung
482 1584 603 1644 geschah
632 1586 676 1646 bis
704 1587 737 1647 an
765 1589 815 1649 die
838 1590 981 1650 Gränzen
1015 1590 1065 1650 des
1093 1590 1154 1650 hie¬

167 1635 244 1695 sigen
275 1634 531 1694 Stadtgebiets.
604 1638 693 1698 Ihro
736 1637 986 1697 Hochfürstliche
1017 1640 1159 1700 Durchl.

172 1685 343 1745 verblieben
375 1682 530 1742 denselben
562 1685 624 1745 Tag
650 1685 702 1745 bey
728 1687 774 1747 des
801 1688 904 1748 Herrn
931 1691 1149 1751 Landgrafens

173 1735 200 1795 zu
234 1733 557 1793 Hessen=Darmstadt
581 1733 719 1793 Durchl.
736 1736 792 1796 auf
815 1736 859 1796 dem
898 1739 1110 1799 Jagdschlosse
1127 1739 1149 1799 zu

179 1781 398 1841 Kranigstein,
423 1781 479 1841 und
504 1781 547 1841 den
581 1780 666 1840 10ten
691 1781 719 1841 d.
738 1781 863 1841 Abends
887 1781 982 1841 hatten
1016 1784 1073 1844 wir
1088 1784 1159 1844 wie¬

181 1828 272 1888 derum
310 1828 364 1888 das
397 1828 498 1888 Glück
526 1825 785 1885 Höchstdieselbe,
812 1825 941 1885 wiewol
963 1828 1038 1888 ohne
1071 1831 1157 1891 Cha¬

175 1873 277 1933 racter
299 1876 324 1936 in
351 1873 458 1933 unsern
495 1870 717 1930 Ringmauren
754 1870 784 1930 zu
821 1870 929 1930 sehen.
976 1874 1049 1934 Den
1080 1878 1147 1938 8ten

176 1921 203 1981 d.
220 1921 281 1981 sind
315 1921 359 1981 die
387 1915 594 1975 Churfürstl.
617 1914 722 1974 Herrn
756 1915 1068 1975 Wahlbothschafter
1097 1924 1152 1984 zur

178 1969 314 2029 dritten,
338 1965 388 2025 den
417 1961 502 2021 10ten
536 1960 564 2020 d.
582 1960 638 2020 zur
661 1960 797 2020 vierten,
820 1963 882 2023 und
906 1966 996 2026 heute
1014 1966 1059 2026 zur
1076 1968 1160 2028 fünf¬

172 2014 220 2074 ten
248 2009 514 2069 Wahlconferenz
542 2008 770 2068 aufgefahren.
819 2008 895 2068 Des
928 2011 1031 2071 Herrn
1070 2013 1161 2073 Gra¬

180 2059 220 2119 fen
252 2055 303 2115 von
334 2055 588 2115 Hohenzollern,
604 2054 644 2114 als
671 2056 815 2116 ersteren,
831 2057 888 2117 und
909 2058 955 2118 des
976 2058 1146 2118 Freyherrn

179 2100 228 2160 von
256 2100 440 2160 Gymnich,
463 2102 506 2162 als
529 2103 657 2163 zweiten
686 2106 941 2166 Churcöllnschen
964 2106 1159 2166 Wahlboth=

182 2149 344 2209 schafters,
366 2153 545 2213 imgleichen
572 2154 631 2214 sind
659 2154 713 2214 von
740 2157 832 2217 Wien
860 2157 908 2217 des
936 2154 1146 2214 franzosischen

178 2199 434 2259 Bothschafters,
451 2202 608 2262 Marquis
625 2202 657 2262 de
680 2205 827 2265 Chatelet
844 2205 865 2265 l'
876 2204 1023 2264 Ormont
1029 2202 1099 2262 Exc.
1116 2205 1154 2265 rc.

183 2247 225 2307 rc.
236 2249 299 2309 hier
321 2249 565 2309 angekommen.
613 2252 735 2312 Diesen
762 2255 947 2315 Vormittag
969 2249 1021 2309 zog
1054 2249 1095 2309 die
1117 2251 1143 2311 zu

172 2297 359 2357 Bedeckung
385 2299 437 2359 der
469 2297 572 2357 Röm.
599 2297 822 2357 Königswahl
849 2303 906 2363 aus
938 2298 989 2358 den
1016 2296 1156 2356 Nieder¬

180 2348 288 2408 landen
325 2346 428 2406 hieher
459 2345 619 2405 beorderte
641 2351 1065 2411 Carabinier=Compagnie
1091 2342 1142 2402 von

177 2396 391 2456 auserlesener
413 2394 626 2454 Mannschaft
637 2393 685 2453 des
707 2396 749 2456 K.
766 2397 808 2457 K.
824 2395 1156 2455 Cüraßierregiments

187 2438 240 2498 von
268 2443 468 2503 Stampach,
490 2442 576 2502 durch
604 2440 712 2500 hiesige
740 2443 858 2503 Stadt,
875 2446 935 2506 und
957 2444 994 2504 ist
1006 2439 1162 2499 unterdes¬

188 2485 224 2545 sen
256 2488 319 2548 nach
347 2488 611 2548 Sachsenhausen
638 2488 759 2548 verlegt
776 2492 918 2552 worden.
967 2488 1040 2548 Dem
1078 2485 1157 2545 Ver¬

179 2535 250 2595 laut
268 2536 339 2596 nach
363 2536 422 2596 soll
440 2536 487 2596 der
511 2536 582 2596 27te
612 2536 707 2596 dieses
743 2542 908 2602 Monaths
945 2542 997 2602 zum
1039 2537 1157 2597 Wahl¬

185 2584 254 2644 tage
279 2583 468 2643 anberaumt
493 2583 576 2643 seyn.

393 2629 664 2689 Würzburg,
690 2632 739 2692 den
777 2635 838 2695 28.
864 2638 962 2698 Febr.

230 2675 309 2735 Das
331 2676 484 2736 bekannte
506 2676 616 2736 Buch:
648 2676 765 2736 Justini
787 2683 940 2743 Febronii
961 2682 993 2742 de
1014 2680 1088 2740 statu
1110 2674 1157 2734 ec-

180 2727 288 2787 clesiae
324 2725 353 2785 et
383 2724 506 2784 legima
541 2724 693 2784 potestate
738 2727 886 2787 Romani
916 2731 1084 2791 Pontificis
1119 2724 1153 2784 ad

178 2774 375 2834 reuniendos
422 2772 608 2832 dissidentes
650 2771 681 2831 in
729 2775 894 2835 religione
942 2776 1159 2836 Christianos,

188 2827 312 2887 welches
358 2826 442 2886 einen
477 2823 675 2883 katholischen
710 2827 863 2887 Prälaten
898 2833 954 2893 zum
994 2826 1152 2886 Verfasser

1191 348 1383 408 Rüdiger
1413 345 1442 405 in
1466 348 1611 408 Berlin,
1635 348 1699 408 und
1729 349 1862 409 Herrn
1898 348 2119 408 Jacobäer
2143 346 2166 406 in

1189 395 1326 455 Leipzig,
1353 392 1634 452 bewerkstelligen.
1682 395 1755 455 Der
1788 395 1861 455 erste
1888 393 1983 453 Band
2011 395 2063 455 von
2095 395 2174 455 Joh.

1186 443 1327 503 Stapferi
1356 440 1543 500 Theologia
1572 441 1758 501 Analytica,
1787 443 1826 503 2)
1855 443 1940 503 Essay
1968 442 2019 502 sur
2048 441 2087 501 les
2116 441 2171 501 At-

1184 488 1341 548 lantiques
1362 488 1391 548 et
1412 487 1436 547 la
1456 485 1653 545 conformité
1684 488 1767 548 entre
1797 489 1975 549 l'histoire
2000 491 2034 551 de
2055 491 2084 551 ce
2099 490 2172 550 peu-

1186 537 1233 597 ple
1265 533 1296 593 et
1323 533 1397 593 celle
1429 533 1481 593 des
1508 533 1661 593 Hebreux
1688 536 1746 596 par
1773 538 1846 598 Mr.
1868 539 1962 599 Baer.
2011 537 2052 597 3)
2079 539 2174 599 Cate-

1181 580 1302 640 chisme
1345 580 1377 640 de
1414 579 1807 639 l'honnete-homme.
1872 586 1913 646 4)
1935 584 2004 644 Der
2025 583 2179 643 Philoso=

1188 629 1267 689 phen
1294 628 1320 688 zu
1352 626 1548 686 Sanssoucy
1575 628 1766 688 gegründete
1793 631 2016 691 Sittenlehre.
2069 631 2111 691 5)
2122 628 2180 688 Er¬

1193 676 1328 736 bauliche
1359 674 1615 734 Betrachtungen
1651 676 1675 736 im
1722 674 1963 734 Beichtstuhle,
1989 679 2058 739 oder
2079 679 2174 739 Abso¬

1187 721 1453 781 lutionsformuln
1483 721 1537 781 aus
1562 722 1611 782 den
1641 724 1803 784 Schriften
1833 721 2025 781 geistreicher
2040 724 2177 784 Gottes¬

1191 772 1365 832 gelehrten,
1393 769 1418 829 in
1446 769 1461 829 5
1489 772 1737 832 Octavbanden,
1760 772 1823 832 und
1876 766 1919 826 6)
1946 769 1987 829 ein
2025 772 2052 832 zu
2084 774 2173 834 Halle

1191 813 1540 873 herausgekommenes
1577 816 1754 876 Breviarium
1809 813 2022 873 antiquitatum
2073 816 2104 876 ad
2137 817 2177 877 il-

1193 864 1369 924 lustrandam
1425 864 1576 924 passionis
1612 864 1737 924 Christi
1764 864 1955 924 historiam,
1986 867 2107 927 werden
2143 865 2167 925 in

1196 909 1290 969 diesem
1333 909 1428 969 ersten
1461 914 1566 974 Stück
1593 912 1757 972 recensirt.
1810 915 1927 975 Kostet
1954 914 1979 974 in
2017 914 2064 974 der
2092 915 2181 975 Kan¬

1188 959 1317 1019 terschen
1351 961 1609 1021 Buchhandlung
1642 963 1777 1023 allhier,
1805 962 1863 1022 wie
1891 963 1961 1023 auch
1994 963 2020 1023 in
2053 964 2166 1024 Elbing

1194 1005 1249 1065 und
1283 1004 1389 1064 Mitau
1423 1008 1455 1068 15
1484 1010 1539 1070 gr.

1185 1130 1256 1190 hat,
1280 1128 1339 1188 und
1369 1130 1422 1190 das
1447 1131 1523 1191 erste
1554 1130 1654 1190 Werk
1679 1130 1773 1190 dieser
1804 1133 1868 1193 Art
1893 1130 1916 1190 in
1952 1130 2165 1190 Deutschland

1189 1178 1238 1238 ist,
1261 1178 1361 1238 macht
1384 1178 1450 1238 hier
1473 1178 1584 1238 großes
1613 1178 1791 1238 Aufsehen.
1847 1178 1920 1238 Die
1948 1176 2098 1236 Jesuiten
2126 1175 2182 1235 ha¬

1185 1222 1232 1282 ben
1264 1225 1312 1285 die
1334 1225 1562 1285 Confiscirung
1589 1225 1722 1285 gesucht,
1749 1225 1818 1285 aber
1845 1222 1924 1282 nicht
1946 1222 2079 1282 erhalten
2111 1222 2164 1282 und

1187 1267 1236 1327 der
1257 1268 1444 1328 gründliche
1460 1267 1622 1327 Professor
1653 1269 1702 1329 des
1723 1270 1915 1330 canonischen
1941 1267 2074 1327 Rechts,
2089 1267 2172 1327 Herr

1189 1309 1275 1369 Rath
1304 1309 1437 1369 Bartels
1462 1310 1518 1370 hat
1543 1310 1633 1370 dieses
1662 1312 1690 1372 so
1710 1312 1925 1372 freymüthige
1944 1311 1987 1371 als
2006 1309 2173 1369 merkwür¬

1188 1352 1254 1412 dige
1284 1348 1370 1408 Buch
1399 1351 1456 1411 mit
1480 1354 1557 1414 einem
1600 1354 1811 1414 gegründeten
1841 1352 1931 1412 Eifer
1951 1357 2133 1417 geschützet.

1300 1399 1766 1459 Unter=Rheinstrom,
1788 1399 1842 1459 den
1875 1402 1940 1462 28.
1962 1399 2059 1459 Febr.

1239 1440 1321 1500 Laut
1348 1443 1430 1503 eines
1461 1443 1518 1503 von
1549 1443 1600 1503 dem
1637 1446 1761 1506 Grafen
1793 1443 1844 1503 von
1875 1445 2019 1505 Weldern
2056 1449 2087 1509 an
2124 1449 2175 1509 die

1193 1491 1451 1551 Generalstaaten
1483 1494 1648 1554 erstatteten
1675 1494 1825 1554 Berichts
1851 1494 1944 1554 haben
1976 1494 2068 1554 haben
2105 1496 2172 1556 Se.

1186 1539 1506 1599 Grosbrittannische
1528 1542 1626 1602 Maj.
1642 1542 1691 1602 für
1719 1542 1761 1602 ein
1795 1543 1881 1603 Jahr
1909 1542 1973 1602 lang
2012 1542 2054 1602 die
2082 1542 2174 1602 Wer¬

1176 1588 1258 1648 bung
1286 1590 1307 1650 in
1341 1591 1538 1651 Schottland
1571 1593 1603 1653 zu
1643 1593 1840 1653 Ergänzung
1868 1590 1916 1650 des
1950 1590 1977 1650 in
2010 1593 2169 1653 Diensten

1183 1637 1233 1697 der
1261 1638 1433 1698 Republick
1451 1643 1611 1703 stehenden
1640 1643 1740 1703 Corps
1763 1643 1996 1703 Schottländer
2013 1640 2180 1700 bewilligt,

1188 1688 1295 1748 welche
1322 1691 1501 1751 Erlaubnis
1528 1691 1713 1751 währenden
1745 1691 1878 1751 Krieges
1910 1693 1991 1753 nicht
2018 1691 2048 1751 zu
2074 1691 2177 1751 erhal¬

1196 1733 1236 1793 ten
1273 1736 1428 1796 gewesen.
1475 1739 1547 1799 Die
1569 1739 1718 1799 Provinz
1740 1742 1874 1802 Geldern
1905 1742 2008 1802 sandte
2025 1739 2071 1799 den
2097 1738 2184 1798 Gra¬

1199 1784 1238 1844 fen
1268 1784 1322 1844 von
1352 1784 1535 1844 Randwyck
1560 1787 1619 1847 und
1649 1788 1703 1848 den
1743 1790 1856 1850 Baron
1892 1787 1945 1847 von
1980 1787 2182 1847 Bronchorst

1196 1828 1230 1888 an
1256 1828 1306 1888 die
1332 1830 1600 1890 Generalstaaten
1636 1834 1691 1894 mit
1722 1834 1772 1894 dem
1818 1837 2000 1897 Auftrage,
2036 1833 2091 1893 daß
2122 1834 2172 1894 des

1196 1873 1296 1933 Herrn
1332 1876 1559 1936 Statthalters
1595 1882 1736 1942 Prinzen
1778 1880 1828 1940 von
1864 1883 2005 1943 Oranien
2041 1880 2182 1940 Durchl.

1196 1921 1355 1981 majorenn
1382 1921 1500 1981 erklärt
1521 1924 1634 1984 werden
1670 1927 1825 1987 möchten.
1872 1927 1964 1987 Ihro
1991 1929 2083 1989 Edlen
2115 1930 2171 1990 und

1202 1963 1462 2023 Grosmögenden
1492 1966 1541 2026 der
1561 1970 1708 2030 Provinz
1733 1974 1870 2034 Holland
1900 1975 1968 2035 aber
1994 1973 2081 2033 sollen
2111 1975 2155 2035 dem

1195 2014 1335 2074 Verlaut
1356 2010 1420 2070 nach
1451 2011 1546 2071 diesen
1577 2014 1743 2074 Vorschlag
1768 2017 1848 2077 nicht
1874 2017 1919 2077 für
1944 2017 1999 2077 gut
2015 2019 2165 2079 befunden

1197 2058 1315 2118 haben.
1340 2055 1409 2115 Der
1434 2055 1788 2115 Rathspensionarius,
1808 2058 1832 2118 so
1862 2059 1911 2119 dem
1951 2061 2093 2121 Prinzen
2119 2061 2167 2121 von

1195 2106 1333 2166 Oranien
1355 2100 1402 2160 von
1424 2100 1514 2160 diesem
1547 2102 1664 2162 Schluß
1691 2103 1862 2163 Nachricht
1878 2107 2096 2167 überbrachte,
2108 2109 2182 2169 stell¬

1196 2154 1222 2214 te
1244 2151 1406 2211 demselben
1428 2149 1556 2209 zugleich
1584 2151 1638 2211 mit
1660 2153 1708 2213 der
1730 2154 1908 2214 bündigsten
1935 2154 2178 2214 Beredsamkeit

1195 2199 1274 2259 vor:
1303 2196 1353 2256 daß
1382 2196 1404 2256 im
1444 2197 1517 2257 Fall
1546 2199 1590 2259 die
1625 2203 1783 2263 Republik
1812 2202 1840 2262 in
1869 2205 2105 2265 Kriegsgefahr
2134 2206 2179 2266 ge¬

1193 2245 1318 2305 rathen,
1346 2242 1411 2302 oder
1439 2243 1520 2303 sonst
1537 2249 1591 2309 das
1619 2250 1728 2310 Wohl
1745 2252 1793 2312 des
1821 2255 1962 2315 Prinzen
2001 2255 2055 2315 und
2083 2255 2175 2315 Dero

1196 2291 1483 2351 Durchlauchtigen
1510 2297 1640 2357 Hauses
1662 2303 1829 2363 befördert
1857 2305 1976 2365 werden
2009 2303 2106 2363 sollte,
2133 2305 2176 2365 die

1197 2339 1337 2399 Provinz
1355 2339 1490 2399 Holland
1519 2346 1564 2406 die
1587 2348 1660 2408 erste
1683 2349 1745 2409 seyn
1768 2353 1893 2413 würde,
1922 2353 2011 2413 dieses
2035 2351 2186 2411 Geschäf¬

1191 2387 1216 2447 te
1237 2387 1293 2447 auf
1315 2387 1366 2447 das
1393 2394 1584 2454 wirksamste
1606 2399 1631 2459 zu
1663 2402 1843 2462 betreiben;
1871 2402 1906 2462 da
1933 2402 1999 2462 man
2032 2401 2098 2461 aber
2125 2398 2176 2458 das

1197 2432 1293 2492 Glück
1316 2435 1395 2495 einer
1419 2443 1635 2503 angenehmen
1664 2449 1754 2509 Ruhe
1777 2449 1913 2509 genöße,
1937 2449 2010 2509 auch
2034 2446 2084 2506 nur
2108 2446 2169 2506 noch

1196 2481 1257 2541 eine
1282 2484 1367 2544 kurze
1393 2486 1467 2546 Zeit
1498 2492 1547 2552 bis
1578 2494 1633 2554 zur
1664 2497 1916 2557 Volljährigkeit
1943 2492 2016 2552 Sr.
2035 2495 2182 2555 Durchl.

1198 2530 1284 2590 übrig
1309 2535 1426 2595 bliebe,
1451 2540 1475 2600 so
1501 2542 1593 2602 hielte
1618 2545 1648 2605 sie
1674 2545 1710 2605 um
1748 2543 1772 2603 so
1797 2545 1939 2605 weniger
1970 2542 2025 2602 für
2051 2542 2173 2602 dienlich

1190 2580 1267 2640 diese
1293 2584 1370 2644 Zeit
1390 2589 1615 2649 abzukürzen,
1642 2593 1687 2653 als
1720 2593 1874 2653 vielleicht
1900 2591 1957 2651 nur
1984 2590 2080 2650 einige
2107 2587 2183 2647 Pri¬

1196 2629 1334 2689 vatleute
1358 2633 1520 2693 besondere
1549 2641 1705 2701 Absichten
1741 2641 1891 2701 darunter
1920 2638 2059 2698 suchten.
2106 2635 2180 2695 Sr.

1198 2676 1341 2736 Durchl.
1360 2680 1438 2740 habe
1457 2685 1582 2745 hierauf
1601 2688 1691 2748 denen
1722 2685 1793 2745 Hn.
1818 2685 1871 2745 von
1902 2685 2040 2745 Holland
2071 2680 2173 2740 Dank

1194 2727 1382 2787 abgestattet
1394 2730 1453 2790 und
1476 2733 1561 2793 ihnen
1583 2733 1745 2793 bedeutet:
1774 2731 1821 2791 daß
1854 2731 1919 2791 Sie
1936 2732 1979 2792 die
1995 2730 2060 2790 Zeit
2077 2727 2173 2787 Ihrer

1195 2776 1504 2836 Minderjährigkeit
1524 2784 1637 2844 annoch
1663 2781 1770 2841 nöthig
1796 2781 1922 2841 hätten,
1941 2780 1978 2840 um
2023 2775 2080 2835 von
2112 2772 2162 2832 den

1191 2826 1410 2886 Grundsätzen
1452 2835 1504 2895 der
1535 2832 1724 2892 Regierung
1766 2832 1830 2892 eine
1861 2825 2092 2885 vollkommene
2122 2820 2180 2880 Er¬

2058 2871 2181 2931 kennt=
