2479 3508
273 360 417 420 kenntniß
452 357 481 417 zu
516 356 689 416 erlangen.
742 354 904 414 Zwischen
951 352 1008 412 den
1044 355 1164 415 Herren
1200 354 1257 414 von
1305 353 1414 413 Herrn
1432 351 1582 411 Bischofs
1612 354 1663 414 von
1693 354 1832 414 Langres
1850 354 1884 414 ist
1902 354 2075 414 gleichfalls
2093 352 2179 412 durch
2203 351 2289 411 einen

274 407 455 467 Amsterdam
499 403 557 463 und
590 398 642 458 der
670 401 883 461 Admiralität
916 401 974 461 hat
1001 401 1049 461 sich
1076 402 1177 462 wegen
1215 403 1262 463 des

275 452 334 512 auf
356 452 405 512 dem
450 449 721 509 Companieschiff
738 449 912 509 Nienburg
929 450 1126 510 befundenen
1154 449 1262 509 Volkes

849 495 922 555 Die
955 497 1055 557 ersten
1098 500 1271 560 begehren,

272 498 498 558 Streitigkeit
526 495 785 555 hervorgethan.

283 545 337 605 daß
366 545 558 605 diejenigen,
587 542 609 602 so
643 543 692 603 von
720 545 808 605 ihren
836 545 991 605 Bürgern
1014 545 1090 605 sind,
1113 546 1201 606 durch
1224 545 1267 605 die

281 592 534 652 Stadtgerichte
555 592 746 652 verurtheilt
762 592 880 652 werden
917 592 1030 652 sollen,
1051 592 1196 652 dawider
1222 592 1263 652 sich

287 641 355 701 aber
382 641 423 701 die
450 640 661 700 Admiralität
677 640 735 700 aus
762 640 809 700 dem
852 640 988 700 Grunde
1005 640 1083 700 setzt,
1105 642 1178 702 weil
1200 640 1263 700 dies

281 688 370 748 Volk
392 688 444 748 auf
466 688 513 748 der
540 688 607 748 See
635 688 782 748 gefangen
820 688 1004 748 genommen
1041 688 1098 748 und
1131 688 1188 748 auf
1215 690 1267 750 der

285 735 378 795 That
401 736 555 796 erwischet
573 733 716 793 worden.
744 734 860 794 Dieser
883 736 999 796 Streit
1022 736 1076 796 hat
1099 739 1209 799 bisher
1227 736 1270 796 die

282 786 536 846 Versammlung
565 784 614 844 des
637 784 852 844 Kriegsraths
880 784 1102 844 aufgehalten.

510 828 770 888 Preßburg,
793 830 842 890 den
883 829 915 889 26
955 831 1054 891 Febr.

326 878 441 938 Heute
464 876 497 936 ist
514 874 624 934 allhier
647 873 696 933 bey
724 876 768 936 dem
813 877 951 937 Königl.
963 880 1267 940 Locotenentialrath

289 926 355 986 eine
382 921 598 981 allermildeste
614 924 794 984 Resolution
820 927 959 987 bekannt
980 929 1119 989 gemacht
1135 924 1253 984 worden

285 972 356 1032 laut
385 969 511 1029 welcher
540 970 633 1030 Ihro
656 972 699 1032 K.
722 974 766 1034 K.
784 973 933 1033 Apostol.
950 975 1087 1035 Majest.
1105 975 1187 1035 einen
1215 971 1276 1031 mit

285 1014 446 1074 mehreren
482 1016 667 1076 Vorrechten
708 1019 889 1079 versehenen
924 1019 1267 1079 Civil=Ritterorden

289 1064 438 1124 errichtet
459 1064 582 1124 haben,
609 1066 695 1126 unter
727 1064 778 1124 dem
820 1064 907 1124 Titel
928 1064 979 1124 des
1011 1065 1057 1125 H.
1078 1064 1252 1124 Stephani

289 1112 381 1172 ersten
413 1112 635 1172 Apostolischen
662 1112 812 1172 Königs.
859 1109 936 1169 Das
957 1112 1257 1172 Grosmeisterthum

286 1158 379 1218 dieses
405 1160 535 1220 Ordens
563 1157 666 1217 wollen
697 1161 744 1221 J.
760 1157 801 1217 K.
818 1157 859 1217 K.
875 1155 1036 1215 Majestät
1058 1157 1104 1217 als
1125 1157 1270 1217 Königin

284 1207 309 1267 in
352 1207 481 1267 Ungarn
508 1203 533 1263 in
570 1204 694 1264 eigener
721 1200 839 1260 Person
866 1198 954 1258 selbst
975 1201 1032 1261 auf
1053 1201 1099 1261 sich
1126 1200 1276 1260 nehmen,

285 1255 344 1315 und
367 1254 443 1314 diese
477 1249 602 1309 Würde
630 1249 689 1309 soll
712 1251 772 1311 mit
800 1249 848 1309 der
876 1249 1018 1309 Königl.
1035 1250 1138 1310 Crone
1161 1246 1275 1306 immer

288 1303 465 1363 verknüpft
488 1300 626 1360 bleiben.
677 1297 743 1357 Die
766 1297 877 1357 Ritter
894 1297 1010 1357 werden
1039 1299 1094 1359 auf
1116 1298 1150 1358 20
1178 1297 1283 1357 Groß¬

292 1353 453 1413 Creutze,
475 1352 513 1412 30
546 1348 832 1408 Commandeurs,
860 1351 919 1411 und
947 1348 984 1408 50
1022 1351 1270 1411 Klein=Creutze

291 1399 481 1459 festgestellt.
528 1396 765 1456 Solchemnach
792 1396 868 1456 wird
900 1399 977 1459 diese
1008 1402 1183 1462 vornehme
1210 1396 1276 1456 Ge¬

289 1446 452 1506 sellschaft,
469 1446 564 1506 jedoch
601 1446 648 1506 die
670 1446 918 1506 wohlmeritirte
940 1446 1167 1506 Ecclesiasticos
1194 1446 1273 1506 nicht

291 1492 352 1552 mit
374 1495 445 1555 dazu
477 1491 651 1551 gerechnet,
673 1494 729 1554 aus
760 1491 817 1551 100
849 1494 1008 1554 Personen
1039 1494 1194 1554 bestehen.
1220 1494 1266 1554 Es

289 1542 369 1602 wird
394 1542 464 1602 aber
500 1542 565 1602 auch
596 1540 661 1600 jede
692 1541 792 1601 Claße
823 1539 913 1599 dieser
944 1542 1171 1602 Ordensritter
1196 1542 1276 1602 nicht

284 1590 344 1650 nur
365 1587 446 1647 durch
472 1587 543 1647 ihre
565 1587 691 1647 Kleider
718 1587 778 1647 und
804 1584 951 1644 Zeichen,
962 1587 1084 1647 sondern
1110 1587 1176 1647 auch
1197 1584 1283 1644 Vor¬

285 1636 361 1696 züge
391 1631 618 1691 unterschieden
652 1628 743 1688 seyn,
767 1628 830 1688 und
859 1628 917 1688 alle
946 1628 994 1688 die
1024 1627 1081 1687 mit
1101 1628 1283 1688 hinlängli¬

289 1679 356 1739 chen
387 1673 589 1733 Verdiensten
620 1670 760 1730 versehen
792 1670 868 1730 sind,
879 1670 957 1730 ohne
978 1670 1118 1730 Ansehen
1149 1670 1195 1730 der
1211 1670 1283 1730 Na¬

276 1725 345 1785 tion
373 1722 620 1782 aufgenommen
658 1720 802 1780 werden.
852 1718 926 1778 Die
948 1718 1109 1778 feyerliche
1136 1719 1281 1779 Aufnah¬

284 1775 332 1835 me
354 1775 380 1835 in
407 1772 503 1832 diesen
530 1769 636 1829 Orden
663 1769 738 1829 wird
765 1768 818 1828 vor
840 1766 888 1826 dem
931 1766 1069 1826 Königl.
1092 1769 1198 1829 Thron
1220 1769 1278 1829 mit

286 1825 394 1885 großen
423 1822 485 1882 und
509 1819 559 1879 der
589 1817 714 1877 Hoheit
738 1817 794 1877 und
824 1814 950 1874 Würde
973 1815 1018 1875 J.
1042 1817 1087 1877 K.
1105 1817 1150 1877 K.
1162 1817 1275 1877 Apost.

295 1867 472 1927 Majestät,
495 1864 539 1924 als
567 1864 617 1924 dem
656 1861 1028 1921 allerdurchlauchtigsten
1056 1864 1272 1924 Großmeister

291 1916 435 1976 gemaͤßen
462 1911 669 1971 Ceremonien
696 1909 861 1969 verrichtet
882 1911 1022 1971 werden,
1049 1915 1173 1975 welches
1199 1912 1271 1972 alles

290 1960 316 2020 in
349 1963 397 2023 den
425 1960 478 2020 zum
522 1957 631 2017 Druck
653 1957 679 2017 zu
707 1957 928 2017 befördernden
967 1964 1275 2024 Ordens=Constitu¬

287 2011 387 2071 tionen
416 2007 627 2067 ausdrücklich
656 2008 789 2068 erörtert
812 2008 862 2068 ist.

567 2055 724 2115 Paris,
748 2058 800 2118 den
836 2060 871 2120 5.
900 2061 1016 2121 Merz.

339 2106 426 2166 Seit
454 2106 503 2166 dem
543 2106 576 2166 am
615 2106 681 2166 5ten
709 2106 807 2166 Febr.
825 2106 1012 2166 publicirten
1046 2106 1278 2166 Parlaments=
1312 2106 1389 2166 alles
1417 2106 1499 2166 schon
1527 2103 1660 2163 bekannt
1682 2105 1798 2165 haben.

281 2155 426 2215 Decret,
453 2154 572 2214 worinn
604 2154 677 2214 allen
703 2152 917 2212 denjenigen,
943 2156 1052 2216 welche
1074 2156 1125 2216 den
1147 2154 1157 2214 6
1188 2154 1271 2214 Aug.

285 2202 376 2262 1761
415 2198 555 2258 Jesuiten
594 2199 756 2259 gewesen,
784 2196 832 2256 der
859 2196 918 2256 Eid
941 2205 1103 2265 aufgelegt
1120 2202 1271 2262 worden,

290 2246 360 2306 allen
393 2243 648 2303 Verbindungen
681 2241 740 2301 mit
768 2240 817 2300 dem
861 2245 1007 2305 General
1035 2252 1127 2312 dieser
1154 2249 1262 2309 Gesell

295 2291 387 2351 schaft
405 2291 434 2351 zu
464 2286 644 2346 entsagen,
667 2285 707 2345 ist
732 2285 783 2345 der
807 2288 958 2348 gewesene
988 2300 1121 2360 Jesuit,
1151 2298 1203 2358 P.
1221 2297 1272 2357 des

291 2340 444 2400 Noyers,
463 2336 509 2396 der
535 2333 676 2393 einzige,
700 2334 831 2394 welcher
855 2337 943 2397 diesen
973 2344 1032 2404 Eid
1057 2346 1198 2406 würklich
1228 2344 1275 2404 ab¬

288 2390 390 2450 gelegt
410 2387 480 2447 hat.
526 2384 603 2444 Den
635 2381 700 2441 3ten
733 2381 828 2441 dieses
861 2387 990 2447 begaben
1029 2395 1080 2455 sich
1107 2394 1151 2454 die
1177 2393 1279 2453 Prin=

291 2437 339 2497 zen
371 2436 431 2496 und
457 2432 561 2492 Pairs
586 2428 653 2488 nach
691 2429 740 2489 dem
777 2431 992 2491 Parlament.
1042 2443 1091 2503 Um
1129 2443 1171 2503 die
1197 2440 1282 2500 Vor¬

296 2485 462 2545 stellungen
502 2482 552 2542 des
579 2476 803 2536 Parlaments
835 2477 887 2537 von
926 2487 1092 2547 Bretagne
1118 2491 1144 2551 in
1183 2489 1265 2549 Anse

289 2532 375 2592 hung
409 2530 455 2590 der
483 2529 589 2589 Pairs
610 2527 643 2587 zu
670 2524 891 2584 untersuchen,
932 2527 971 2587 ist
992 2536 1045 2596 den
1080 2538 1146 2598 8ten
1173 2538 1206 2598 d.
1233 2537 1279 2597 ei¬

287 2578 324 2638 ne
349 2578 560 2638 Commißion
605 2572 772 2632 festgesetzt
792 2572 940 2632 worden.
1009 2580 1083 2640 Der
1115 2583 1264 2643 General

297 2626 481 2686 Procureur
507 2623 561 2683 hat
580 2623 635 2683 alle
660 2620 832 2680 Prelaten,
858 2619 907 2679 die
926 2621 974 2681 sich
1000 2629 1060 2689 hier
1086 2629 1245 2689 aufhalten

293 2675 321 2735 zu
351 2671 396 2731 sich
426 2668 582 2728 beruffen,
606 2670 664 2730 und
694 2667 878 2727 denjenigen
908 2668 995 2728 unter
1019 2676 1134 2736 ihnen,
1146 2679 1192 2739 die
1216 2679 1267 2739 kei¬

285 2719 330 2779 ne
363 2717 486 2777 gültige
520 2717 663 2777 Ursachen
703 2715 794 2775 ihres
827 2716 1035 2776 Aufenthalts
1075 2725 1257 2785 vorschützen

287 2769 428 2829 können,
454 2763 602 2823 aufgeben
627 2766 768 2826 müßen,
795 2765 843 2825 sich
875 2766 899 2826 in
930 2766 960 2826 14
992 2771 1091 2831 Tagen
1129 2773 1202 2833 nach
1227 2775 1270 2835 ih¬

286 2820 341 2880 ren
367 2817 623 2877 Kirchsprengeln
655 2820 685 2880 zu
711 2817 861 2877 begeben.
893 2817 967 2877 Der
993 2823 1192 2883 Hirtenbrief
1212 2822 1261 2882 des

1311 399 1633 459 Parlamentsschluß
1659 403 1850 463 verurtheilt
1872 398 2018 458 worden,
2044 398 2210 458 zerrißen,
2230 401 2290 461 und

1303 447 1358 507 vom
1404 446 1649 506 Scharfrichter
1669 449 1847 509 verbrannt
1873 449 1903 509 zu
1934 446 2076 506 werden.
2128 443 2214 503 Man
2235 446 2300 506 sagt

1308 496 1366 556 daß
1393 493 1441 553 der
1468 492 1585 552 Herzog
1618 494 1670 554 von
1697 497 1905 557 Vauguion,
1932 494 2150 554 Gouverneur
2178 492 2225 552 der
2242 493 2305 553 Kö¬

1309 542 1397 602 nigl.
1414 539 1558 599 Kinder,
1586 541 1641 601 auf
1664 544 1740 604 seine
1763 545 1868 605 Güter
1891 545 2084 605 verwiesen,
2107 542 2167 602 und
2190 542 2223 602 an
2251 540 2295 600 de¬

1308 591 1360 651 ßen
1393 586 1498 646 Stelle
1519 583 1572 643 der
1599 592 1974 652 General=Lieutenant,
1996 589 2091 649 Graf
2118 589 2149 649 de
2171 589 2297 649 Saulx¬

1312 634 1484 694 Tavannes
1517 634 1657 694 ernannt
1686 635 1835 695 worden.
1892 640 2088 700 Unterdeßen
2130 637 2205 697 alles
2247 637 2275 697 im

1308 682 1437 742 Pallast
1458 682 1504 742 des
1525 681 1670 741 Herzogs
1691 682 1742 742 von
1774 685 1955 745 Richelieu,
1966 688 2038 748 über
2065 688 2111 748 die
2132 685 2297 745 Vermäh¬

1308 733 1380 793 lung
1411 730 1508 790 seines
1540 727 1699 787 Sohns,
1721 730 1870 790 Herzogs
1896 734 1952 794 von
1994 735 2133 795 Fronsac
2159 734 2220 794 mit
2236 733 2287 793 der

1310 778 1457 838 Fräulein
1488 775 1541 835 von
1561 776 1753 836 Hautefort,
1769 778 1822 838 vor
1847 778 1985 838 Freuden
2015 784 2207 844 schwamm,
2227 781 2295 841 ver¬

1311 825 1401 885 schied
1426 825 1477 885 den
1507 825 1572 885 1ten
1604 825 1633 885 d.
1649 822 1699 882 der
1720 825 2073 885 General=Lieutenant
2089 831 2174 891 Herr
2200 831 2295 891 Marg

1310 874 1377 934 quis
1406 872 1434 932 de
1457 870 1872 930 Chastellier=Dumesnil,
1895 870 1946 930 der
1969 870 2015 930 sich
2049 872 2100 932 bey
2129 876 2174 936 den
2209 876 2299 936 Par=

1304 921 1592 981 lamentsunruhen
1620 919 1684 979 eben
1707 918 1728 978 so
1750 918 1896 978 berühmt
1913 918 1935 978 in
1962 918 2125 978 Grenoble
2142 927 2294 987 gemacht,

1308 969 1354 1029 als
1381 969 1432 1029 der
1453 969 1578 1029 Herzog
1609 966 1661 1026 von
1692 966 1847 1026 Richelieu
1879 966 1905 1026 zu
1936 963 2133 1023 Bordeaux.

1564 1013 1760 1073 Madrit,
1786 1013 1837 1073 den
1869 1013 1904 1073 24
1936 1010 2034 1070 Febr.

1352 1051 1427 1111 Die
1459 1059 1578 1119 Cortes
1611 1061 1679 1121 oder
1711 1058 1943 1118 Reichsstände
1969 1058 2025 1118 sind
2057 1057 2114 1117 auf
2139 1061 2189 1121 den
2215 1064 2283 1124 9ten

1303 1103 1404 1163 April
1425 1106 1489 1166 nach
1521 1106 1722 1166 Buenretiro
1744 1107 1902 1167 beruffen.
1961 1106 2046 1166 Man
2073 1106 2205 1166 glaubt,
2232 1112 2285 1172 daß

1313 1148 1423 1208 solches
1456 1151 1498 1211 ein
1530 1154 1603 1214 altes
1630 1154 1768 1214 Project
1795 1154 1926 1214 betrift,
1953 1154 2080 1214 nemlich
2112 1151 2160 1211 die
2182 1155 2297 1215 Gewi¬

1309 1196 1410 1256 ßens=
1433 1196 1489 1256 und
1529 1198 1851 1258 Religionsfreyheit
1880 1201 1930 1261 den
1970 1201 2184 1261 Unterthanen
2224 1202 2280 1262 und

1311 1243 1518 1303 Ausländern
1556 1243 1587 1303 zu
1614 1243 1800 1303 verstatten.

1564 1294 1783 1354 Lißabon,
1808 1294 1862 1354 den
1887 1294 1905 1354 7
1930 1294 2027 1354 Febr.

1359 1342 1521 1402 Jgnatius
1546 1342 1691 1402 Alvaretz
1710 1342 1739 1402 da
1764 1342 1860 1402 Silva
1885 1344 1927 1404 ist
1945 1343 2000 1403 auf
2019 1345 2151 1405 Königl.
2170 1342 2290 1402 Befehl

1303 1393 1409 1453 wegen
1442 1393 1649 1453 überführten
1682 1394 1975 1454 Pråvaricationen
2018 1394 2076 1454 und
2109 1393 2295 1453 Malversa¬

1304 1440 1411 1500 tionen
1439 1442 1531 1502 seiner
1558 1443 1747 1503 Bedienung
1775 1446 1861 1506 eines
1883 1443 2088 1503 Presidenten
2127 1443 2175 1503 der
2197 1440 2294 1500 Rela¬

1303 1488 1366 1548 cion
1399 1488 1425 1548 in
1457 1491 1552 1551 vollem
1590 1491 1674 1551 Rath
1701 1494 1844 1554 entsetzt,
1871 1493 1929 1553 und
1961 1493 2008 1553 der
2036 1494 2162 1554 Zeichen
2189 1491 2284 1551 seiner

1308 1533 1431 1593 Würde
1458 1536 1612 1596 beraubet
1628 1539 1773 1599 worden.
1820 1539 1912 1599 Drey
1939 1542 2290 1602 Carmeliter=Mönche

1311 1578 1370 1638 sind
1401 1578 1461 1638 aus
1493 1584 1709 1644 unbekannten
1745 1587 1891 1647 Ursachen
1927 1587 2078 1647 ebenfalls
2114 1588 2200 1648 durch
2235 1587 2285 1647 den

1312 1619 1398 1679 Rath
1422 1622 1475 1682 des
1499 1625 1614 1685 Landes
1643 1625 1806 1685 verwiesen
1840 1628 1984 1688 worden.
2037 1631 2094 1691 Ein
2123 1631 2286 1691 englisches

1314 1664 1430 1724 Schiff
1440 1664 1486 1724 kam
1519 1667 1636 1727 neulich
1655 1667 1677 1727 in
1701 1670 1804 1730 unserm
1841 1670 1938 1730 Hafen
1968 1673 2046 1733 ohne
2065 1673 2205 1733 Capitain
2233 1675 2284 1735 und

1312 1712 1405 1772 Leute
1420 1714 1478 1774 an,
1484 1715 1557 1775 weil
1567 1715 1621 1775 alle
1641 1715 1822 1775 Engländer
1837 1715 1890 1775 von
1915 1718 1993 1778 einem
2028 1718 2209 1778 Catolonier
2229 1723 2283 1783 und

1308 1760 1363 1820 von
1393 1766 1575 1826 Italienern
1611 1766 1817 1826 umgebracht
1838 1763 1989 1823 worden,
2010 1766 2055 1826 die
2086 1767 2136 1827 den
2166 1772 2282 1832 grösten

1319 1810 1409 1870 Theil
1427 1814 1471 1874 des
1495 1814 1715 1874 Schiffsvolks
1732 1816 1935 1876 ausgemacht
1953 1814 2066 1874 haben.
2089 1816 2150 1876 Auf
2168 1817 2212 1877 der
2230 1818 2291 1878 Hö=

1312 1858 1340 1918 he
1357 1858 1408 1918 vom
1449 1862 1505 1922 Cap
1528 1864 1694 1924 Espichele
1712 1865 1803 1925 haben
1838 1864 1883 1924 sich
1906 1864 1945 1924 die
1969 1861 2106 1921 Mörder
2129 1863 2214 1923 durch
2243 1866 2294 1926 Fi=

1309 1907 1380 1967 scher
1409 1910 1464 1970 ans
1487 1913 1564 1973 Land
1593 1915 1676 1975 setzen
1705 1915 1816 1975 lassen.
1866 1915 1955 1975 Zwey
1984 1912 2206 1972 Schiffjungen
2229 1914 2284 1974 sind

1309 1956 1399 2016 allein
1423 1960 1439 2020 im
1473 1963 1581 2023 Schiff
1593 1963 1677 2023 übrig
1700 1966 1875 2026 geblieben,
1887 1965 1926 2025 die
1944 1963 1988 2023 sich
2012 1960 2136 2020 hierauf
2148 1963 2210 2023 auch
2233 1963 2283 2023 ans

1303 2008 1382 2068 Land
1404 2011 1558 2071 gemacht,
1569 2011 1627 2071 und
1644 2011 1717 2071 alles
1739 2013 1941 2073 angegeben,
1963 2013 2021 2073 auf
2042 2011 2122 2071 deren
2155 2011 2287 2071 Aussage

1307 2058 1357 2118 die
1386 2055 1504 2115 Thäter
1533 2058 1669 2118 entdeckt
1692 2058 1748 2118 und
1777 2061 2014 2121 festgenommen
2043 2061 2190 2121 worden,
2213 2063 2281 2123 auch

1614 2193 1668 2253 N
1762 2195 1973 2255 TEARNNT.

1354 2240 1445 2300 Beym
1483 2240 1637 2300 Verleger
1662 2242 1754 2302 dieser
1773 2243 1909 2303 Zeitung
1934 2246 1970 2306 ist
1983 2246 2007 2306 zu
2032 2246 2155 2306 haben:
2169 2249 2285 2309 Lettres

1300 2288 1334 2348 de
1360 2288 1517 2348 Madame
1543 2285 1684 2345 Wortley
1710 2291 1917 2351 Montague,
1938 2291 2049 2351 ecrites
2075 2291 2216 2351 pendant
2242 2294 2282 2354 ses

1298 2336 1442 2396 voyages
1474 2336 1504 2396 en
1541 2333 1665 2393 Europe
1692 2335 1717 2395 en
1749 2339 1821 2399 Asie
1847 2339 1878 2399 et
1904 2339 1935 2399 en
1966 2337 2126 2397 Afrique,
2153 2339 2235 2399 trad.
2251 2342 2282 2402 de

1303 2384 1497 2444 l'anglois,
1522 2383 1564 2443 8.
1589 2381 1680 2441 Berl.
1699 2388 1784 2448 763,
1815 2388 1826 2448 2
1851 2387 1887 2447 fl.
1913 2389 1949 2449 24
1974 2388 2028 2448 gr.
2083 2388 2290 2448 Bibliotheck

1307 2435 1352 2495 für
1375 2430 1586 2490 Jünglinge,
1609 2432 1678 2492 oder
1701 2435 1900 2495 gesammlete
1918 2435 2141 2495 Sittenlehren
2170 2438 2220 2498 für
2232 2440 2289 2500 alle

1307 2479 1434 2539 Scenen
1458 2476 1510 2536 des
1534 2477 1679 2537 Lebens,
1703 2484 1743 2544 8,
1767 2485 1872 2545 Leipz.
1884 2482 1971 2542 763,
1995 2485 2006 2545 3
2035 2483 2070 2543 fl.
2117 2488 2291 2548 Anfangs=

1302 2526 1428 2586 gründe
1452 2524 1522 2584 aller
1540 2525 1661 2585 schönen
1685 2530 1939 2590 Wissenschaften
1970 2530 2021 2590 zur
2045 2535 2276 2595 Befriedigung

1297 2577 1347 2637 des
1376 2569 1530 2629 Publici,
1553 2572 1610 2632 aus
1634 2575 1685 2635 dem
1725 2578 1827 2638 franz.
1851 2579 1890 2639 8,
1914 2579 1999 2639 763,
2028 2581 2039 2641 1
2063 2581 2096 2641 fl.
2108 2581 2187 2641 6gr.
2217 2584 2284 2644 Be¬

1302 2621 1465 2681 trachtung
1501 2617 1574 2677 über
1603 2623 1653 2683 die
1676 2626 1863 2686 Schönheit
1881 2629 1904 2689 in
1939 2629 1983 2689 den
2012 2632 2284 2692 Wißenschaften,

1295 2674 1340 2734 8,
1360 2671 1449 2731 763,
1475 2667 1513 2727 18
1539 2667 1590 2727 gr.

1304 2748 1402 2808 Diese
1414 2745 1553 2805 Gelehrte
1575 2748 1623 2808 und
1655 2754 1813 2814 Politische
1835 2757 1954 2817 Zeitung
1975 2757 2044 2817 wird
2066 2757 2114 2817 des
2135 2757 2284 2817 Montags

1400 2787 1461 2847 und
1488 2790 1634 2850 Freytags
1656 2795 1676 2855 in
1703 2793 1749 2853 dem
1787 2795 1974 2855 Kanterschen
2011 2799 2183 2859 Buchladen

1683 2835 1899 2895 ausgegeben.
