2479 3508
156 363 292 423 „Luther
316 370 338 430 in
368 367 464 427 seiner
494 366 636 426 Vorrede
660 363 711 423 zur
734 363 981 423 Offenbarung,
1004 363 1055 423 die
1073 363 1152 423 Hei¬

154 406 232 466 „den
273 419 369 479 haben
399 415 466 475 auch
495 413 540 473 die
570 407 711 467 Christen
740 408 791 468 für
821 413 1059 473 muthwillige,
1077 413 1139 473 lose

153 465 337 525 "zänkische
360 464 446 524 Leute
469 458 637 518 gehalten;
666 455 741 515 weil
758 458 839 518 keine
862 461 1041 521 Vernunft,
1052 461 1139 521 wenn

151 502 215 562 "sie
254 515 350 575 gleich
383 510 440 570 alle
466 506 594 566 Brillen
627 506 768 566 aufsetzt,
794 509 832 569 sie
859 512 1012 572 erkennen
1045 509 1147 569 kann.

152 550 253 610 „Der
275 560 392 620 Teufel
414 557 483 617 kann
515 554 546 614 sie
568 554 659 614 wohl
675 557 814 617 zudecken
846 557 905 617 mit
927 558 1139 618 Aergernißen

147 599 233 659 „und
259 604 417 664 Rotten;
443 604 468 664 so
495 601 570 661 kann
607 602 647 662 sie
674 604 744 664 auch
775 606 862 666 Gott
878 607 938 667 mit
960 604 1138 664 Gebrechen

154 647 239 707 „und
270 652 391 712 allerley
427 652 573 712 Mangel
599 652 801 712 verbergen,
837 655 892 715 daß
923 652 953 712 es
984 655 1039 715 der
1065 652 1150 712 Ver¬

153 697 277 757 "nunft
301 699 360 759 und
393 700 508 760 Natur
530 700 710 760 unmöglich
738 700 776 760 ist
804 702 847 762 die
875 701 1093 761 Christenheit
1110 701 1137 761 zu

154 747 350 807 "erkennen,
377 748 505 808 sondern
537 748 605 808 fällt
627 751 717 811 dahin
750 748 808 808 und
835 751 946 811 årgert
963 749 1010 809 sich
1032 750 1058 810 an
1085 751 1148 811 ihr,

155 789 268 849 „heißt
290 793 344 853 das
372 796 534 856 christliche
557 795 692 855 Kirche,
725 795 855 855 welches
883 795 948 855 doch
975 797 1045 857 ihre
1073 798 1143 858 ärg¬

157 834 237 894 „sten
273 843 389 903 Feinde
410 844 490 904 sind,
506 846 566 906 und
587 846 738 906 wiederum
779 843 865 903 heißt
886 846 936 906 das
956 845 1153 905 verdammte

158 887 309 947 "Ketzer,
337 894 379 954 die
402 894 472 954 doch
494 894 542 954 die
570 894 667 954 rechte
690 894 851 954 christliche
879 894 987 954 Kirche
1010 894 1090 954 sind.
1102 894 1144 954 Es

154 924 216 984 „ist
233 936 267 996 ein
297 942 410 1002 Christ
429 942 496 1002 auch
520 942 611 1002 wohl
635 941 680 1001 sich
709 941 794 1001 selbst
818 941 1013 1001 verborgen,
1036 942 1087 1002 daß
1122 942 1149 1002 er

160 978 267 1038 „seine
290 992 469 1052 Heiligkeit
491 990 550 1050 und
584 989 718 1049 Tugend
752 987 838 1047 nicht
866 989 979 1049 siehet,
1013 990 1142 1050 sondern

163 1029 256 1089 "eitel
290 1040 461 1100 Untugend
490 1040 550 1100 und
590 1037 811 1097 Unheiligkeit
834 1035 911 1095 sieht
939 1037 973 1097 er
1001 1037 1039 1097 an
1078 1040 1150 1100 sich.

150 1083 284 1143 „Kurz,
302 1088 406 1148 unsere
431 1088 611 1148 Heiligkeit
630 1088 664 1148 ist
688 1088 710 1148 im
747 1085 916 1145 Himmel,
940 1088 974 1148 da
998 1088 1143 1148 Christus

393 1270 582 1330 Berlin,
610 1273 663 1333 den
707 1276 771 1336 24.
799 1276 912 1336 Merz.

208 1312 299 1372 Ihro
327 1315 467 1375 Majest.
489 1315 543 1375 der
576 1315 684 1375 König
717 1318 776 1378 sind
804 1318 836 1378 in
869 1318 1064 1378 Begleitung
1091 1318 1145 1378 der

158 1360 300 1420 Prinzen
330 1357 384 1417 von
409 1357 561 1417 Preussen
591 1359 728 1419 Königl.
748 1360 836 1420 Hoh.
856 1360 900 1420 den
930 1360 1018 1420 21ten
1043 1360 1141 1420 dieses

152 1404 187 1464 um
228 1402 238 1462 3
269 1402 329 1462 Uhr
355 1402 405 1462 des
431 1402 593 1462 Morgens
619 1402 691 1462 nach
717 1404 884 1464 Schlesien
920 1404 1148 1464 abgegangen.

159 1445 236 1505 Der
263 1443 345 1503 Herr
367 1445 434 1505 Abt
455 1446 506 1506 von
538 1446 756 1506 Francheville
783 1449 818 1509 ist
850 1451 902 1511 zum
944 1452 1068 1512 Probst
1100 1452 1146 1512 des

159 1495 408 1555 Collegiatstifts
435 1494 461 1554 zu
493 1497 631 1557 Ratibor
658 1497 796 1557 ernannt
807 1500 949 1560 worden.
998 1500 1092 1560 Weil
1104 1500 1151 1560 die

155 1545 354 1605 Cüstrinsche
376 1545 511 1605 Kriegs=
522 1546 581 1606 und
609 1548 988 1608 Domainen=Cammer
1015 1551 1085 1611 laut
1107 1551 1150 1611 ei=
1178 1552 1318 1612 tensaal.
1368 1554 1416 1614 In
1449 1554 1497 1614 dem
1546 1554 1664 1614 kleinen
1698 1554 1806 1614 wurde
1833 1554 1925 1614 gegen
1958 1554 1995 1614 12
2017 1554 2087 1614 Uhr
2109 1552 2173 1612 sou¬

149 1594 206 1654 nes
233 1596 410 1656 Rescripts
436 1595 494 1655 vom
536 1597 625 1657 12ten
657 1599 750 1659 dieses
777 1600 845 1660 eine
866 1602 1064 1662 Belohnung
1091 1602 1142 1662 von

160 1648 224 1708 500
252 1646 327 1706 alten
354 1647 467 1707 Rthlr.
490 1649 679 1709 demjenigen
712 1652 934 1712 versprochen,
956 1655 1010 1715 der
1032 1655 1053 1715 in
1081 1652 1150 1712 Zeit

162 1695 220 1755 von
252 1694 348 1754 zween
391 1697 550 1757 Monaten
582 1700 624 1760 ein
657 1700 879 1760 zuverläßiges
917 1703 1039 1763 Mittel
1056 1703 1145 1763 gegen

163 1743 211 1803 die
233 1745 341 1805 Krätze
363 1747 411 1807 der
433 1745 579 1805 Schöpse
601 1748 660 1808 und
688 1748 806 1808 Kälber
834 1748 963 1808 finden,
991 1751 1050 1811 und
1078 1754 1142 1814 auch

165 1935 258 1995 bietet
281 1936 319 1996 ein
354 1931 497 1991 Dutzend
531 1924 680 1984 Schöpse
709 1927 781 1987 oder
803 1930 952 1990 Kälber,
976 1936 1086 1996 welche
1114 1937 1158 1997 so¬

156 1981 223 2041 wol
241 1981 286 2041 die
315 1978 424 2038 Krätze
441 1975 475 2035 an
504 1974 555 2034 der
572 1975 755 2035 Schnautze
778 1975 823 2035 als
847 1976 880 2036 am
922 1978 1012 2038 Leibe
1036 1983 1155 2043 haben,

160 2025 398 2085 ohnentgeltlich
426 2020 453 2080 zu
481 2021 611 2081 heilen,
639 2023 709 2083 falls
737 2023 802 2083 man
830 2025 944 2085 selbige
977 2025 1047 2085 nach
1069 2028 1156 2088 Ber¬

163 2072 201 2132 lin
230 2070 357 2130 bringen
391 2068 446 2128 und
480 2070 545 2130 ihre
569 2072 729 2132 Wartung
757 2073 885 2133 daselbst
908 2073 1046 2133 besorgen
1075 2076 1157 2136 will.

429 2119 574 2179 Wien,
610 2122 661 2182 den
697 2124 737 2184 15
773 2124 894 2184 März.

215 2166 260 2226 Am
301 2166 364 2226 3ten
399 2169 526 2229 dieses,
556 2172 717 2232 Abends,
747 2175 862 2235 erhielt
885 2172 937 2232 der
967 2171 1151 2231 Spanische

164 2267 317 2327 Madrit,
339 2269 465 2329 welcher
492 2270 534 2330 die
556 2270 740 2330 erfreuliche
762 2270 936 2330 Nachricht
958 2267 1010 2327 von
1042 2267 1089 2327 der
1105 2264 1158 2324 da¬

163 2318 246 2378 selbst
269 2318 318 2378 den
352 2318 386 2378 16
420 2318 514 2378 Febr.
531 2318 732 2378 vollzogenen
760 2321 990 2381 Vermählung
1013 2315 1084 2375 Sr.
1096 2312 1157 2372 Kö=

158 2364 246 2424 nigl.
269 2366 397 2426 Hoheit
414 2366 463 2426 des
492 2366 631 2426 Prinzen
665 2366 725 2426 und
760 2369 1016 2429 Erz=Herzogen
1050 2360 1149 2420 Peter

163 2414 292 2474 Leopold
320 2414 379 2474 mit
402 2415 450 2475 der
472 2414 613 2474 Königl.
630 2414 792 2474 Infantin
825 2417 949 2477 Louisa,
971 2411 1155 2471 überbrach¬

170 2507 310 2567 schaftere
333 2511 392 2571 und
419 2510 609 2570 Gesandte,
632 2511 690 2571 wie
718 2512 789 2572 auch
816 2514 864 2574 der
887 2512 1055 2572 gesammte
1077 2503 1158 2563 hohe

164 2557 244 2617 Adel
266 2558 314 2618 bey
351 2558 399 2618 dem
443 2558 661 2618 Erz=Herzog
693 2560 826 2620 Leopold
859 2563 902 2623 die
934 2558 1153 2618 Aufwartung

160 2605 189 2665 in
214 2605 392 2665 prächtiger
417 2606 524 2666 Gala.
572 2608 727 2668 Mittags
758 2611 901 2671 speiseten
943 2611 984 2671 die
1008 2605 1157 2665 Kayserl.

171 2652 363 2712 Majestäten
392 2652 453 2712 mit
477 2652 521 2712 den
550 2655 805 2715 Erz=Herzogen
840 2661 970 2721 Leopold
999 2655 1060 2715 und
1084 2652 1162 2712 Fer¬

168 2704 306 2764 dinand,
329 2700 389 2760 wie
412 2702 478 2762 auch
507 2702 556 2762 den
584 2702 661 2762 fünf
690 2703 805 2763 älteren
834 2706 1144 2766 Erz=Herzoginnen

166 2753 341 2813 öffentlich.
392 2751 467 2811 Der
499 2749 682 2809 Cronprinz
701 2753 763 2813 und
795 2760 996 2820 Erz=Herzog
1028 2752 1147 2812 Josepl

162 2804 263 2864 aber,
285 2803 391 2863 wegen
418 2799 530 2859 annoch
563 2802 824 2862 fortwährender
852 2808 1001 2868 Trauer,
1023 2803 1081 2863 und
1108 2801 1156 2861 der

173 2858 375 2918 Erz=Herzog
402 2852 644 2912 Maximilian,
658 2854 756 2914 wegen
789 2858 866 2918 einer
894 2858 1004 2918 kleinen
1032 2852 1161 2912 Unpäß=

1186 358 1270 418 "ist,
1300 363 1356 423 und
1386 362 1465 422 nicht
1482 360 1510 420 in
1539 360 1590 420 der
1614 357 1704 417 Welt
1728 363 1778 423 vor
1808 363 1853 423 den
1882 360 2024 420 Augen,
2048 355 2104 415 wie
2127 356 2166 416 ein

1185 404 1296 464 "Kram
1335 410 1392 470 auf
1409 408 1457 468 dem
1495 407 1643 467 Markte.
1654 399 1664 459 "

1813 407 1913 467 Der
1931 407 2161 467 gewöhnlichen

1184 458 1422 518 Schlußfigur,
1445 455 1489 515 die
1512 456 1539 516 in
1567 457 1722 517 gelehrten
1751 458 1916 518 Zeitungen
1956 456 2000 516 oft
2017 455 2077 515 mit
2100 455 2172 515 Nu¬

1185 509 1237 569 tzen
1275 509 1443 569 gebraucht
1470 503 1543 563 wird
1576 505 1633 565 und
1665 505 1718 565 den
1750 506 1987 566 Kupferstecher
2009 503 2082 563 oder
2104 500 2172 560 Pa¬

1181 557 1369 617 piermüller
1402 554 1493 614 trift,
1527 551 1634 611 ziehen
1683 551 1747 611 wir
1791 554 1845 614 bey
1889 554 2147 614 gegenwärtigem

1181 604 1319 664 Werke,
1353 601 1442 661 (das
1493 601 1547 661 den
1593 598 1742 658 Käufern
1777 600 1926 660 überdies
1960 603 2043 663 nicht
2072 601 2165 661 höher

1183 652 1229 712 als
1255 652 1306 712 den
1333 649 1618 709 Pränumeranten
1644 649 1675 709 zu
1701 646 1799 706 stehen
1831 649 1991 709 kommt,)
2023 649 2069 709 die
2100 649 2177 709 nüz¬

1180 700 1291 760 lichere
1313 700 1450 760 Anzeige
1472 697 1556 757 eines
1584 694 1827 754 Verzeichnißes
1849 694 1938 754 vieler
1965 694 2161 754 gründlichen

1180 746 1523 806 Schrifterklärungen
1553 745 1608 805 und
1639 742 1720 802 eines
1740 742 1906 802 Registers
1932 742 1977 802 der
1998 742 2174 802 merkwür¬

1180 795 1296 855 digsten
1323 794 1449 854 Sachen
1482 792 1555 852 vor,
1582 793 1666 853 deren
1693 789 1846 849 Innhalt
1868 789 1925 849 und
1947 790 2089 850 Vortrag
2116 791 2179 851 kei¬

1185 841 1238 901 nem
1286 841 1498 901 gutgesinnten
1536 840 1733 900 Mitbürger
1754 840 1855 900 weder
1876 840 2073 900 gleichgültig
2100 840 2163 900 noch

1188 889 1337 949 fruchtlos
1374 889 1436 949 seyn
1473 891 1581 951 kann;
1607 889 1628 949 "
1654 888 1706 948 den
1737 891 1897 951 Unreinen
1935 890 2006 950 aber
2033 890 2089 950 und
2115 887 2177 947 Un¬

1196 936 1380 996 "gläubigen
1412 939 1448 999 ist
1470 939 1565 999 nichts
1592 939 1686 999 rein,
1713 939 1839 999 sondern
1877 939 1982 999 unrein
2014 937 2050 997 ist
2072 936 2166 996 beyde

1189 979 1264 1039 "ihr
1281 986 1372 1046 Sinn
1401 987 1459 1047 und
1482 987 1688 1047 Gewißen".
1710 986 1824 1046 Kostet
1846 987 1867 1047 in
1895 990 1948 1050 der
1965 988 2171 1048 Kanterschen

1190 1034 1450 1094 Buchhandlung
1480 1038 1589 1098 allhier
1607 1037 1665 1097 wie
1689 1037 1758 1097 auch
1788 1035 1810 1095 in
1840 1035 1955 1095 Elbing
1979 1037 2037 1097 und
2060 1034 2170 1094 Mitau

1182 1085 1196 1145 6
1227 1085 1270 1145 fl.

1176 1276 1314 1336 lichkeit,
1326 1276 1489 1336 erschienen
1513 1276 1594 1336 nicht
1612 1276 1727 1336 dabey.
1751 1276 1827 1336 Bey
1845 1276 1891 1336 der
1914 1275 2007 1335 Tafel
2020 1273 2083 1333 war
2101 1273 2175 1333 Mu¬

1179 1318 1243 1378 sick,
1267 1318 1327 1378 und
1361 1315 1411 1375 der
1445 1318 1524 1378 Adel
1552 1318 1683 1378 wartete
1711 1318 1785 1378 auf.
1842 1318 2075 1378 Nachmittags
2103 1318 2168 1378 war

1172 1360 1291 1420 großes
1325 1360 1560 1420 Apartement,
1589 1361 1719 1421 Abends
1743 1363 1925 1423 Comödie,
1955 1365 2017 1425 und
2051 1365 2170 1425 darauf

1176 1402 1272 1462 Ball.
1318 1404 1369 1464 Um
1410 1404 1420 1464 7
1455 1404 1524 1464 Uhr
1553 1407 1649 1467 begab
1672 1407 1717 1467 sich
1752 1410 1803 1470 der
1826 1410 1923 1470 ganze
1952 1407 2020 1467 Hof
2044 1408 2071 1468 in
2101 1410 2168 1470 wei¬

1178 1454 1232 1514 ßen
1270 1452 1422 1512 Domino
1455 1452 1536 1512 ohne
1564 1455 1710 1515 Masque
1743 1457 1813 1517 nach
1846 1457 1895 1517 der
1923 1458 2172 1518 Schaubühne,

1183 1500 1241 1560 und
1268 1501 1331 1561 nach
1364 1503 1543 1563 geendigter
1565 1506 1718 1566 Comedie
1740 1506 1792 1566 auf
1819 1506 1867 1566 den
1899 1503 2015 1563 großen
2042 1506 2174 1566 Redou¬

1179 1602 1258 1662 pirt.
1304 1603 1383 1663 Der
1406 1603 1479 1663 Duc
1504 1605 1650 1665 d'Ossuna
1674 1607 1708 1667 ist
1731 1605 1787 1665 mit
1816 1605 1861 1665 der
1891 1605 2072 1665 förmlichen
2101 1605 2168 1665 No¬

1184 1655 1333 1715 tification
1362 1655 1416 1715 von
1450 1655 1500 1715 der
1523 1655 1617 1715 hohen
1656 1655 1883 1715 Vermählung
1912 1655 1972 1715 auf
1989 1655 2039 1715 der
2062 1652 2172 1712 Reise,

1184 1703 1218 1763 um
1269 1703 1383 1763 selbige
1406 1703 1428 1763 im
1468 1706 1593 1766 Namen
1622 1706 1695 1766 Sr.
1713 1706 1854 1766 Kathol.
1872 1703 2008 1763 Majest.
2026 1703 2053 1763 zu
2082 1703 2161 1763 über

1180 1751 1336 1811 bringen.
1385 1751 1460 1811 Den
1488 1752 1564 1812 6ten
1597 1754 1693 1814 dieses
1715 1757 1839 1817 wurden
1867 1754 1920 1814 bey
1943 1754 2012 1814 Sr.
2034 1751 2169 1811 Königl.

160 1790 213 1850 die
241 1792 353 1852 völlige
386 1793 455 1853 Cur
478 1793 559 1853 einer
592 1793 790 1853 angesteckten
823 1794 1001 1854 Schäferey
1029 1799 1141 1859 binnen
1186 1799 1282 1859 Hoh.
1299 1799 1347 1859 dem
1385 1799 1585 1859 Erz=Herzog
1612 1802 1741 1862 Leopold
1763 1805 1811 1865 die
1833 1802 2178 1862 Faschings=Lustbar¬

159 1837 246 1897 einem
288 1840 411 1900 Monat
432 1839 638 1899 übernehmen
670 1837 773 1897 wird:
809 1837 834 1897 so
861 1837 917 1897 hat
943 1840 995 1900 sich
1021 1841 1062 1901 ein
1088 1846 1155 1906 hie=
1186 1843 1278 1903 keiten
1320 1843 1382 1903 mit
1409 1845 1491 1905 einem
1543 1848 1630 1908 Ball
1661 1849 1717 1909 und
1754 1851 1955 1911 Nachtmahl
1982 1846 2177 1906 beschloßen.

163 1885 234 1945 siger
262 1888 394 1948 Bürger
417 1883 599 1943 gefunden,
622 1882 749 1942 welcher
777 1882 826 1942 zum
872 1885 1009 1945 Versuch
1032 1890 1081 1950 sich
1110 1891 1153 1951 er=
1182 1890 1259 1950 Den
1281 1888 1369 1948 12ten
1398 1891 1491 1951 dieses
1520 1894 1647 1954 reiseten
1675 1897 1763 1957 Ihro
1786 1897 1923 1957 Majest.
1935 1897 1979 1957 der
2002 1895 2123 1955 Kayser
2146 1894 2167 1954 in

1186 1936 1390 1996 Gesellschaft
1413 1936 1461 1996 der
1483 1939 1709 1999 Erz=Herzoge
1726 1942 1844 2002 Joseph
1867 1945 1925 2005 und
1948 1942 2071 2002 Leopold
2099 1942 2163 2002 nach

1185 1982 1360 2042 Frankfurt
1381 1981 1442 2041 ab,
1458 1981 1515 2041 und
1541 1984 1597 2044 sind
1624 1989 1861 2049 höchstdieselbe
1888 1990 1934 2050 des
1966 1990 2094 2050 Abends
2121 1989 2156 2049 um

1180 2028 1196 2088 5
1218 2028 1282 2088 Uhr
1310 2028 1331 2088 in
1364 2025 1412 2085 der
1440 2025 1536 2085 Abtey
1575 2026 1671 2086 Mölk
1699 2033 1920 2093 angelanget,
1942 2031 1990 2091 wo
2017 2032 2109 2092 ihnen
2136 2035 2163 2095 zu

1183 2076 1288 2136 Ehren
1315 2074 1378 2134 eine
1400 2072 1505 2132 schöne
1521 2073 1653 2133 Cantate
1675 2076 1865 2136 aufgeführt
1887 2076 2034 2136 worden.
2051 2079 2103 2139 Da
2125 2079 2172 2139 der

1184 2123 1386 2183 Erz=Herzog
1416 2120 1531 2180 Joseph
1561 2122 1677 2182 gestern
1700 2124 1723 2184 in
1759 2124 1810 2184 sein
1834 2125 1938 2185 24stes
1968 2127 2054 2187 Jahr
2078 2127 2181 2187 getre¬

1184 2172 1252 2232 ten,
1265 2169 1281 2229 so
1305 2169 1333 2229 ist
1351 2166 1437 2226 dieser
1467 2172 1645 2232 erfreuliche
1663 2175 1865 2235 Geburtstag
1888 2175 1986 2235 wegen
2016 2175 2061 2235 J.
2073 2178 2119 2238 K.
2125 2178 2171 2238 H.

164 2217 410 2277 Bothschafter,
435 2219 523 2279 Graf
547 2220 599 2280 von
629 2223 794 2283 Mahoni,
812 2223 894 2283 einen
924 2217 1059 2277 Courier
1089 2220 1147 2280 aus
1189 2217 1413 2277 Abwesenheit
1431 2218 1512 2278 zwar
1537 2225 1619 2285 nicht
1637 2229 1813 2289 öffentlich,
1820 2226 1889 2286 aber
1914 2226 1990 2286 desto
2008 2229 2172 2289 herzlicher

1186 2266 1249 2326 hier
1279 2264 1418 2324 gefeyert
1436 2269 1581 2329 worden.

1256 2312 1506 2372 Frankfurt
1544 2324 1581 2384 am
1632 2325 1769 2385 Mayn,
1795 2327 1851 2387 vom
1889 2325 1951 2385 15.
1977 2327 2095 2387 März.

1231 2360 1335 2420 Heute
1354 2365 1563 2425 Vormittags
1589 2372 1649 2432 sind
1687 2375 1736 2435 die
1761 2375 1970 2435 Churfürstl.
1983 2372 2180 2432 Wahlboth¬

1181 2408 1313 2468 schafter
1340 2410 1393 2470 das
1420 2417 1526 2477 sechste
1546 2422 1619 2482 mal
1633 2423 1685 2483 zur
1713 2424 1891 2484 Conferenz
1912 2423 2084 2483 gefahren,
2105 2420 2164 2480 und

163 2458 213 2518 te.
236 2458 309 2518 Den
338 2461 405 2521 5ten
434 2463 637 2523 Vormittags
666 2464 801 2524 machten
835 2464 886 2524 die
909 2462 1021 2522 Herren
1045 2455 1151 2515 Both=
1187 2456 1242 2516 das
1271 2468 1768 2528 Wahlcapitulationsgeschäfte
1786 2471 1892 2531 scheint
1910 2470 2062 2530 nunmehr
2085 2467 2175 2527 seiner

1189 2506 1322 2566 völligen
1349 2515 1586 2575 Berichtigung
1612 2521 1688 2581 nahe
1715 2521 1740 2581 zu
1766 2521 1855 2581 seyn.
1901 2518 2010 2578 Außer
2036 2515 2183 2575 verschie¬

1193 2557 1282 2617 denen
1319 2566 1631 2626 Standespersonen
1656 2569 1715 2629 sind
1740 2567 1770 2627 in
1794 2568 1848 2628 den
1879 2566 1974 2626 letzten
1999 2566 2100 2626 Tagen
2119 2562 2167 2622 des

1188 2605 1313 2665 Fürsten
1356 2608 1410 2668 von
1441 2617 1723 2677 Schwarzenburg
1760 2617 1819 2677 und
1856 2614 2078 2674 Landgrafens
2109 2611 2163 2671 von

1190 2655 1399 2715 Fürstenberg
1424 2662 1568 2722 Durchl.
1587 2667 1628 2727 rc.
1647 2665 1700 2725 und
1731 2664 1779 2724 der
1803 2661 1851 2721 K.
1864 2661 1905 2721 K.
1924 2661 2182 2721 Feldmarschall,

1188 2702 1275 2762 Herr
1295 2703 1389 2763 Graf
1408 2710 1464 2770 von
1490 2712 1709 2772 Königsegg,,
1729 2712 1791 2772 und
1817 2709 1898 2769 Herr
1917 2706 2005 2766 Graf
2031 2706 2080 2766 von
2113 2705 2181 2765 Lin=

1190 2754 1491 2814 den=Aspremont,
1516 2760 1662 2820 Capitain
1693 2758 1740 2818 der
1764 2759 1816 2819 neu
1841 2757 2012 2817 errichteten
2042 2752 2183 2812 Kaiserl.

1187 2805 1405 2865 Noblegarde
1436 2811 1666 2871 eingetroffen,
1703 2807 1749 2867 die
1774 2808 1861 2868 nebst
1886 2805 1939 2865 der
1969 2800 2181 2860 Carabinier¬

1190 2855 1392 2915 Compagnie
1434 2863 1487 2923 des
1522 2861 1576 2921 von
1617 2858 1887 2918 Stampachschen
1922 2849 2179 2909 Cuiraßierregi¬

2054 2897 2175 2957 ments
