2479 3508
298 342 387 402 geht.
435 341 630 401 Ungeachtet
660 337 707 397 die
737 339 885 399 häufigen
915 339 1069 399 harzigten
1099 342 1205 402 Säfte
1224 339 1276 399 des

292 386 515 446 Nadelholzes
543 386 651 446 solches
673 385 765 445 gegen
793 384 842 444 die
864 389 1000 449 Fäulniß
1028 387 1223 447 bewahren;
1251 389 1278 449 so

296 434 472 494 überwand
504 431 594 491 unser
627 431 797 491 Kleinjogg
825 434 893 494 auch
931 434 1011 494 diese
1033 434 1288 494 Schwierigkeit

296 482 386 542 durch
413 481 487 541 seine
514 479 709 539 eingeführte
742 482 901 542 Ordnung
928 482 980 542 dem
1023 482 1108 542 Vieh
1135 484 1161 544 zu
1193 482 1288 542 streu¬

291 527 349 587 en,
366 529 424 589 und
446 527 531 587 durch
563 527 627 587 eine
649 527 813 587 besondere
830 529 1021 589 Besorgung
1043 530 1091 590 der
1113 530 1288 590 Miststätt.

299 579 347 639 In
374 573 544 633 Ansehung
576 575 624 635 des
657 575 746 635 ersten
779 577 848 637 läßt
875 577 906 637 er
933 576 981 636 die
1008 579 1141 639 Streue
1163 578 1290 638 allemal

301 620 366 680 eine
392 619 507 679 Woche
533 625 599 685 lang
625 622 650 682 in
681 622 726 682 dem
762 625 863 685 Stall
879 625 994 685 liegen,
1015 625 1071 685 und
1097 625 1207 685 streuet
1233 625 1288 685 alle

301 670 391 730 Tage
417 673 549 733 trockene
570 672 696 732 Streue
722 670 874 730 darüber,
885 670 940 730 und
971 673 1098 733 bereitet
1124 673 1168 733 dem
1205 673 1280 733 Vieh

300 718 344 778 ein
383 721 580 781 reinliches,
619 718 761 778 warmes
801 716 860 776 und
894 719 1026 779 weiches
1061 721 1174 781 Lager.

1213 720 1284 780 Auf

305 816 434 876 Streue
462 813 554 873 wohl
571 813 837 873 durchdrungen,
860 813 920 873 und
953 815 1001 875 die
1023 817 1159 877 Fäulniß
1198 816 1289 876 fängt

311 861 392 921 schon
414 861 484 921 an,
512 861 560 921 ehe
593 858 630 918 sie
658 860 718 920 auf
740 858 788 918 die
821 861 983 921 Miststatt
1011 864 1152 924 kommt.
1196 864 1298 924 Hier¬

301 911 407 971 nächst
429 906 541 966 streuet
563 906 589 966 er
611 906 631 966 im
675 909 824 969 Anfange
846 909 893 969 des
920 912 1096 972 Herbstes,
1123 914 1170 974 die
1192 912 1282 972 ersten

311 957 327 1017 8
345 954 479 1014 Wochen
508 954 615 1014 durch,
638 957 767 1017 Stroh,
790 957 919 1017 hierauf
948 956 1015 1016 eben
1049 960 1077 1020 so
1105 960 1195 1020 lange
1218 959 1291 1019 Zeit
1320 955 1381 1015 mit
1410 957 1460 1017 dem
1511 955 1623 1015 Werth
1658 957 1691 1017 am
1736 954 1820 1014 Geld
1849 954 1877 1014 in
1911 954 2040 1014 gleichem
2086 960 2277 1020 Verhältniß

315 1001 471 1061 Tannen=
488 1002 546 1062 und
569 1004 850 1064 Fichten=Zweige,
877 1004 952 1064 dann
980 1004 1168 1064 wiederhölt
1191 1004 1217 1064 er
1234 1004 1282 1064 das

316 1048 423 1108 Stroh
455 1049 526 1109 oder
558 1052 753 1112 Riedgraß,
780 1052 831 1112 ehe
858 1049 883 1109 er
919 1052 1032 1112 wieder
1064 1052 1115 1112 von
1146 1052 1192 1112 den
1224 1052 1295 1112 Na¬

305 1097 369 1157 deln
389 1097 517 1157 streuet.
553 1098 661 1158 Durch
691 1097 765 1157 diese
785 1097 1012 1157 abwechselnde
1032 1100 1190 1160 Ordnung
1211 1097 1294 1157 kom¬

305 1142 374 1202 men
404 1145 453 1205 die
483 1144 695 1204 verschiedene
726 1142 819 1202 Arten
849 1142 1115 1202 Schichtenweise
1146 1142 1293 1202 überein¬

311 1192 406 1252 ander
427 1193 452 1253 in
483 1193 528 1253 der
554 1190 731 1250 Miststätte
752 1190 781 1250 zu
807 1187 923 1247 liegen,
949 1187 1009 1247 und
1036 1190 1080 1250 die
1106 1189 1227 1249 beßeren
1253 1185 1298 1245 be¬

311 1237 435 1297 fördern
474 1237 517 1297 die
539 1237 674 1297 Fäulniß
708 1234 756 1294 der
789 1234 962 1294 schlechtern
989 1234 1108 1294 Arten.
1152 1236 1206 1296 In
1234 1231 1298 1291 An¬

317 1288 426 1348 sehung
451 1288 503 1348 der
526 1286 683 1346 Miststatt
707 1285 788 1345 giebt
812 1285 840 1345 er
864 1285 1021 1345 sorgfältig
1045 1282 1137 1342 acht,
1162 1282 1213 1342 daß
1243 1281 1288 1341 der

316 1336 405 1396 Mist
427 1339 559 1399 niemals
587 1336 739 1396 allzusehr
761 1336 956 1396 austrockne,
973 1334 1031 1394 und
1058 1333 1226 1393 unterhält
1243 1333 1295 1393 da¬

308 1384 358 1444 her
387 1387 547 1447 denselben
576 1386 668 1446 durch
691 1384 788 1444 öftere
817 1384 1012 1444 Begießung
1041 1384 1063 1444 in
1093 1384 1292 1444 beständiger

317 1434 503 1494 Gährung.
549 1431 593 1491 Zu
617 1434 712 1494 diesem
747 1431 837 1491 Ende
860 1431 910 1491 hat
934 1431 1023 1491 unser
1047 1434 1215 1494 Kleinjogg
1239 1429 1294 1489 sie¬

306 1480 357 1540 ben
389 1482 482 1542 große
504 1480 607 1540 Kasten
639 1479 825 1539 verfertigen
852 1476 960 1536 laßen,
977 1479 1002 1539 in
1034 1479 1158 1539 welchen
1185 1479 1215 1539 er
1231 1479 1283 1539 das

307 1530 418 1590 darinn
451 1530 583 1590 geleitete
605 1527 722 1587 Waßer
749 1527 802 1587 zur
824 1527 957 1587 Fäulniß
989 1527 1111 1587 bringt.
1160 1527 1282 1587 Inden

316 1575 428 1635 Boden
455 1575 552 1635 dieser
579 1575 692 1635 Kasten
723 1572 852 1632 schüttet
878 1572 908 1632 er
935 1572 1027 1632 Asche
1048 1572 1109 1632 und
1136 1572 1295 1632 wohlver¬

315 1620 432 1680 faulten
462 1619 623 1679 Kühmist,
639 1616 771 1676 darüber
796 1616 869 1676 giest
889 1613 913 1673 er
938 1613 1001 1673 eine
1026 1613 1178 1673 ziemliche
1198 1613 1271 1673 Men

312 1710 436 1770 frischen
465 1709 742 1769 Brunnenwaßer
764 1706 824 1766 an.
868 1705 938 1765 Auf
960 1703 1053 1763 solche
1075 1703 1178 1763 Weise
1201 1704 1254 1764 hat
1266 1704 1292 1764 er

311 1813 392 1873 ßer,
414 1810 451 1870 um
495 1807 570 1867 seine
592 1802 717 1862 Wiesen
750 1803 808 1863 und
836 1801 944 1861 Aecker
967 1801 1069 1861 damit
1091 1799 1117 1859 zu
1145 1801 1263 1861 düngen

306 1858 370 1918 und
392 1855 444 1915 den
477 1852 642 1912 Miststock
664 1852 770 1912 feucht
793 1849 824 1909 zu
862 1846 1027 1906 erhalten.
1080 1846 1176 1906 Weil
1193 1846 1288 1906 dieses

306 1903 380 1963 aber
402 1899 487 1959 nicht
509 1900 642 1960 geringe
669 1897 780 1957 Arbeit
814 1894 877 1954 und
904 1894 1015 1954 Kosten
1054 1895 1234 1955 erfordert;
1262 1895 1288 1955 so

314 1948 393 2008 grub
420 1945 446 2005 er
468 1947 494 2007 in
521 1942 616 2002 seinem
659 1942 881 2002 Baumgarten
908 1942 988 2002 nahe
1009 1945 1056 2005 bey
1083 1947 1130 2007 dem
1174 1943 1295 2003 Wasch¬

306 1996 402 2056 hause
429 1993 466 2053 ein
498 1993 599 2053 wenig
621 1990 647 2050 in
675 1993 727 2053 der
749 1990 839 2050 Höhe
867 1993 946 2053 einen
974 1996 1218 2056 Sodbrunnen,
1230 1992 1288 2052 aus

307 2044 432 2104 welchem
477 2043 503 2103 er
531 2041 581 2101 das
609 2040 729 2100 Waßer
762 2043 849 2103 durch
872 2043 937 2103 eine
959 2043 1101 2103 hölzerne
1129 2041 1239 2101 Rinne
1261 2038 1288 2098 in

307 2097 361 2157 den
394 2091 601 2151 Waschkessel
618 2091 738 2151 leiten,
755 2093 814 2153 und
848 2092 984 2152 dadurch
1018 2091 1066 2151 die
1094 2088 1208 2148 Arbeit
1236 2088 1285 2148 des

311 2139 566 2199 Waßertragens
603 2139 741 2199 ersparen
774 2139 869 2199 kann.
918 2139 992 2199 Die
1014 2136 1290 2196 Waßersammler

306 2188 461 2248 hingegen
499 2184 556 2244 sind
589 2185 615 2245 zu
653 2186 780 2246 gleichem
830 2181 898 2241 End
931 2186 1016 2246 unter
1048 2187 1144 2247 seinem
1198 2183 1293 2243 Stall

312 2232 371 2292 und
393 2229 655 2289 Wagenschöpfen
682 2226 911 2286 eingegraben.
961 2231 1004 2291 An
1027 2235 1075 2295 der
1103 2231 1287 2291 niedrigsten

315 2279 417 2339 Seite
440 2276 536 2336 seiner
559 2273 717 2333 Miststatt
735 2271 768 2331 ist
791 2273 858 2333 eine
876 2273 943 2333 tiefe
961 2280 1068 2340 Grube
1091 2280 1294 2340 angebracht,

308 2327 336 2387 in
361 2324 489 2384 welcher
513 2321 559 2381 sich
589 2319 636 2379 das
665 2318 717 2378 vom
759 2321 841 2381 Mist
865 2325 1057 2385 abfließende
1081 2330 1198 2390 Waßer
1216 2327 1297 2387 sam¬

315 2375 403 2435 melt,
421 2373 526 2433 damit
543 2369 570 2429 es
599 2367 620 2427 so
643 2366 698 2426 von
726 2366 815 2426 neuem
860 2369 932 2429 über
966 2374 1015 2434 den
1044 2378 1126 2438 Mist
1149 2378 1282 2438 gegoßen

310 2423 458 2483 werden,
483 2420 542 2480 und
585 2417 614 2477 er
638 2414 704 2474 eine
734 2417 811 2477 desto
841 2414 972 2474 größere
997 2426 1122 2486 Menge
1146 2426 1199 2486 von
1235 2425 1282 2485 den

316 2473 475 2533 gefaulten
506 2465 628 2525 Waßer
654 2463 708 2523 auf
733 2464 806 2524 seine
838 2464 948 2524 Güter
979 2471 1138 2531 verführen
1176 2473 1291 2533 könne.

313 2520 426 2580 Dieses
452 2518 615 2578 Begießen
641 2510 691 2570 des
717 2511 836 2571 Mistes
869 2512 987 2572 brachte
1007 2515 1057 2575 ihn
1090 2520 1139 2580 auf
1159 2521 1209 2581 die
1228 2518 1297 2578 Ge=

314 2569 446 2629 danken,
465 2568 512 2628 die
531 2566 646 2626 kleinen
677 2558 894 2618 Tannästchen
925 2560 955 2620 in
980 2566 1113 2626 Fäulnis
1150 2566 1179 2626 zu
1210 2566 1294 2626 brin¬

312 2617 385 2677 gen,
408 2614 487 2674 ohne
516 2614 606 2674 solche
630 2611 680 2671 dem
721 2608 799 2668 Vieh
834 2605 890 2665 zur
914 2605 1015 2665 Streu
1050 2616 1287 2676 unterzulegen.

315 2658 360 2718 Er
383 2661 497 2721 schlägt
520 2661 610 2721 solche
628 2661 656 2721 in
673 2659 798 2719 Haufen
827 2652 1020 2712 zusammen,
1049 2659 1162 2719 bedeckt
1186 2661 1219 2721 sie
1237 2660 1292 2720 mit

315 2706 418 2766 Erde,
442 2708 487 2768 die
505 2709 735 2769 Ausdünstung
765 2706 800 2766 zu
835 2700 996 2760 hindern,
1020 2703 1077 2763 und
1100 2709 1227 2769 begießt
1250 2711 1284 2771 sie

302 2760 415 2820 täglich
450 2757 506 2817 mit
530 2754 626 2814 seinem
661 2757 815 2817 gefaulten
855 2748 997 2808 Waßer,
1026 2749 1071 2809 bis
1106 2751 1139 2811 sie
1163 2755 1185 2815 in
1214 2756 1282 2816 eine

299 2811 448 2871 schwarze
467 2805 550 2865 Erde
575 2805 724 2865 verfallen
749 2805 826 2865 sind.
875 2799 922 2859 Er
947 2796 982 2856 ist
1001 2799 1055 2859 von
1079 2801 1127 2861 dem
1157 2805 1277 2865 Nutzen

1315 342 1366 402 der
1401 342 1539 402 Wärme
1563 344 1620 404 zur
1650 345 1881 405 Beförderung
1916 345 1967 405 der
1992 345 2130 405 Fäulnis
2160 345 2182 405 so
2212 348 2303 408 über¬

1310 389 1417 449 zeugt,
1428 388 1479 448 daß
1506 388 1531 448 er
1557 392 1680 452 glaubt,
1686 392 1747 452 man
1773 393 1882 453 könnte
1903 392 1979 452 jede,
1990 392 2057 452 auch
2078 392 2124 452 die
2145 392 2304 452 unfrucht¬

1310 434 1415 494 barste
1443 434 1526 494 Erde
1559 437 1648 497 durch
1675 440 1727 500 das
1760 440 1849 500 bloße
1876 440 2119 500 Verbrennen,
2140 440 2298 500 fruchtbar

1315 482 1460 542 machen.
1511 482 1581 542 Aus
1612 485 1682 545 eben
1712 488 1762 548 dem
1804 488 1944 548 Grunde
1969 488 2095 548 schließt
2116 488 2145 548 er
2166 488 2221 548 aus
2247 491 2296 551 der

1312 530 1404 590 Hitze
1420 529 1503 589 eines
1524 530 1673 590 trockenen
1699 536 1875 596 Sommers
1901 536 1958 596 auf
1979 537 2040 597 eine
2067 536 2160 596 große
2176 536 2304 596 Frucht¬

1317 577 1440 637 barkeit
1462 575 1508 635 des
1529 578 1688 638 folgenden
1720 583 1864 643 Jahres.
1891 585 1999 645 Seine
2026 586 2128 646 eigene
2150 585 2299 645 Sprache

1322 627 1347 687 zu
1379 624 1527 684 reden,"
1549 625 1651 685 macht
1672 625 1713 685 die
1734 628 1868 688 Wärme
1889 631 1961 691 faul
1987 631 2043 691 und
2070 632 2162 692 fett."
2219 631 2301 691 Mit

1318 670 1417 730 diesem
1456 670 1599 730 häufigen
1633 673 1732 733 Mist,
1754 673 1803 733 den
1832 676 1859 736 er
1881 676 1964 736 durch
1992 678 2069 738 seine
2086 680 2301 740 Geschicklich¬

1320 719 1381 779 keit
1398 718 1454 778 von
1481 718 1578 778 seinem
1616 718 1750 778 wenigen
1781 721 1858 781 Vieh
1885 724 2030 784 bereitet,
2046 728 2185 788 begnügt
2207 729 2232 789 er
2253 730 2294 790 sich

307 766 387 826 diese
404 769 506 829 Weise
528 767 603 827 wird
631 764 684 824 von
712 766 765 826 den
793 766 982 826 Auswürfen
1015 766 1063 826 des
1090 769 1209 829 Viehes
1237 769 1285 829 die
1323 768 1425 828 nicht,
1448 766 1571 826 sondern
1604 766 1766 826 vermehrt
1788 766 1879 826 seinen
1907 772 2047 832 Vorrath
2080 775 2150 835 noch
2172 776 2225 836 auf
2247 778 2301 838 alle

1322 816 1471 876 mögliche
1495 815 1616 875 Weise.
1640 811 1685 871 Er
1703 813 1789 873 kauft
1813 816 2020 876 gemeiniglich
2050 821 2118 881 noch
2142 824 2194 884 für
2212 825 2246 885 14
2269 825 2298 885 fl.

1319 863 1411 923 Mist
1429 864 1480 924 von
1515 864 1660 924 andern,
1684 861 1741 921 das
1765 861 1863 921 Fuder
1887 861 1915 921 zu
1945 861 1956 921 2
1979 861 2019 921 fl.
2043 867 2136 927 neben
2159 869 2170 929 6
2194 870 2297 930 Fäßer

1323 911 1504 971 Torfasche,
1521 911 1577 971 das
1600 909 1662 969 Faß
1685 909 1713 969 zu
1747 909 1758 969 1
1781 907 1820 967 fl.
1843 906 1905 966 und
1934 909 2029 969 findet
2047 909 2114 969 ihre
2137 917 2289 977 Wirkung

1318 1001 1420 1061 Ueber
1443 1003 1539 1063 dieses
1563 1004 1687 1064 wendet
1711 1004 1738 1064 er
1762 1004 1840 1064 seine
1864 1001 2148 1061 Aufmerksamkeit
2165 1005 2232 1065 auch
2250 1013 2300 1073 auf

1321 1048 1434 1108 andere
1456 1052 1776 1112 Düngungsmittel.
1831 1049 1874 1109 Zu
1912 1049 1961 1109 dem
2000 1049 2086 1109 Ende
2108 1049 2195 1109 reiste
2217 1055 2243 1115 er
2271 1055 2292 1115 in

1322 1094 1376 1154 das
1402 1094 1477 1154 Amt
1498 1099 1729 1159 Regensperg,
1750 1097 1775 1157 in
1805 1097 1931 1157 welcher
1962 1094 2007 1154 der
2038 1097 2067 1157 an
2103 1097 2153 1157 dem
2194 1101 2304 1161 Lager¬

1322 1140 1390 1200 berg
1417 1142 1528 1202 häufig
1560 1145 1733 1205 gefundene
1766 1145 1902 1205 Mergel
1924 1142 1955 1202 zu
1988 1142 2214 1202 Verbeßerung
2246 1147 2293 1207 der

1321 1186 1429 1246 Güter
1454 1187 1513 1247 mit
1528 1188 1640 1248 großem
1675 1190 1822 1250 Vortheil
1843 1192 2049 1252 angewendet
2069 1190 2162 1250 wird,
2182 1190 2211 1250 um
2251 1193 2309 1253 sol¬

1320 1234 1389 1294 chen
1415 1233 1510 1293 genau
1541 1234 1651 1294 kennen
1677 1237 1707 1297 zu
1732 1237 1863 1297 lernen,
1894 1237 1949 1297 und
1979 1237 2029 1297 sich
2055 1237 2145 1297 deßen
2176 1240 2291 1300 Nutzen

1317 1283 1375 1343 und
1408 1282 1578 1342 Gebrauch
1611 1285 1755 1345 bekannt
1787 1285 1813 1345 zu
1851 1285 1994 1345 machen.
2059 1282 2107 1342 Er
2134 1287 2208 1347 fand
2235 1287 2299 1347 dies

1326 1336 1443 1396 Mittel
1460 1333 1482 1393 so
1505 1333 1700 1393 vortreflich,
1729 1334 1778 1394 daß
1807 1335 1835 1395 er
1852 1336 1924 1396 allen
1953 1335 2053 1395 Fleiß,
2070 1335 2198 1395 obgleich
2227 1336 2304 1396 ohne

1324 1384 1456 1444 Erfolg,
1474 1387 1682 1447 angewendet
1700 1387 1769 1447 hat,
1788 1384 1902 1444 solchen
1933 1386 1955 1446 in
1996 1387 2048 1447 der
2071 1385 2164 1445 Nähe
2193 1385 2222 1445 zu
2251 1384 2302 1444 fin=

1318 1434 1399 1494 den;
1426 1433 1486 1493 nur
1514 1435 1633 1495 schade,
1661 1434 1715 1494 daß
1748 1435 1846 1495 dieser
1879 1436 2009 1496 ehrliche
2037 1434 2157 1494 Bauer
2190 1434 2298 1494 bisher

1323 1481 1367 1541 die
1400 1479 1483 1539 hiezu
1517 1482 1538 1542 so
1572 1482 1698 1542 nöthige
1727 1482 1897 1542 Beyhülfe
1926 1482 2008 1542 eines
2036 1482 2212 1542 Erdborers
2246 1482 2301 1542 hat

1320 1527 1489 1587 entbehren
1516 1528 1648 1588 müßen.
1697 1530 1770 1590 Von
1797 1530 1881 1590 einer
1904 1528 1951 1588 der
1967 1530 2120 1590 Wirkung
2142 1532 2211 1592 nach
2227 1533 2306 1593 ähn¬

1320 1572 1410 1632 lichen
1446 1573 1703 1633 Düngungsart
1734 1573 1758 1633 in
1799 1575 1850 1635 dem
1891 1578 2148 1638 ausgegrabenen
2179 1579 2304 1639 Gries,

1318 1612 1425 1672 wollen
1463 1613 1518 1673 wir
1547 1614 1598 1674 bey
1631 1613 1682 1673 der
1710 1617 1892 1677 Anbauung
1915 1619 2013 1679 seiner
2041 1622 2232 1682 Kornfelder
2256 1625 2302 1685 re¬

316 1668 351 1728 ge
369 1664 486 1724 siedend
510 1660 651 1720 Waßer,
675 1661 733 1721 und
763 1661 851 1721 füllet
875 1658 986 1718 endlich
1011 1657 1063 1717 den
1093 1656 1198 1716 Kasten
1228 1655 1286 1715 mit
1323 1657 1399 1717 den.
1447 1655 1511 1715 Ein
1547 1657 1640 1717 ander
1676 1658 1981 1718 Düngungsmittel
2006 1661 2099 1721 findet
2123 1664 2146 1724 er
2171 1664 2193 1724 in
2229 1666 2276 1726 dem

1321 1704 1554 1764 abgestochenen
1593 1706 1695 1766 Rasen
1729 1706 1885 1766 grasichter
1919 1707 2026 1767 Aecker
2060 1709 2119 1769 und
2147 1712 2309 1772 Weiden,,

312 1763 470 1823 beständig
499 1757 560 1817 eine
584 1756 781 1816 erstaunliche
805 1754 923 1814 Menge
946 1752 996 1812 von
1031 1752 1183 1812 gefaultem
1218 1751 1290 1811 Wa=
1326 1754 1370 1814 die
1399 1757 1466 1817 man
1495 1757 1523 1817 zu
1546 1757 1591 1817 dem
1625 1754 1754 1814 Feldbau
1783 1754 1936 1814 zurüstet.
1982 1753 2083 1813 Diese
2101 1757 2151 1817 läst
2168 1757 2196 1817 er
2219 1759 2292 1819 zwey

1318 1802 1412 1862 Jahr
1430 1805 1501 1865 lang
1524 1808 1557 1868 an
1591 1805 1640 1865 der
1663 1804 1763 1864 freyen
1791 1804 1863 1864 Luft
1881 1802 1997 1862 liegen,
2025 1804 2125 1864 damit
2148 1806 2180 1866 sie
2209 1808 2297 1868 unter

1322 1849 1369 1909 dem
1413 1852 1539 1912 Einfluß
1566 1852 1613 1912 der
1635 1852 1879 1912 abwechselnden
1912 1852 2092 1912 Witterung
2119 1853 2304 1913 verfaulen.

1318 1899 1420 1959 Keine
1448 1903 1666 1963 Vorurtheile
1689 1900 1819 1960 hindern
1858 1903 1906 1963 ihm
1950 1900 2026 1960 neue
2054 1900 2244 1960 Vorschläge
2266 1903 2293 1963 zu

1326 1950 1514 2010 versuchen,
1536 1950 1595 2010 und
1628 1951 1806 2011 überhaupt
1834 1954 1903 2014 hält
1926 1951 1957 2011 er
1986 1950 2050 2010 jede
2072 1948 2293 2008 Vermischung

1325 1997 1410 2057 einer
1430 1996 1541 2056 andern
1572 1998 1632 2058 Art
1653 1998 1708 2058 von
1734 1999 1835 2059 Erde,
1860 2002 1950 2062 wann
1977 1999 2011 2059 sie
2032 1999 2102 2059 auch
2128 1999 2183 2059 nur
2204 1999 2229 2059 in
2254 1998 2299 2058 der

1322 2046 1422 2106 Farbe
1449 2043 1662 2103 verschieden,
1689 2043 1742 2103 für
1769 2043 1811 2103 ein
1838 2049 2003 2109 bequemes
2030 2049 2306 2109 Düngungsmit¬

1323 2092 1387 2152 tel,
1415 2091 1441 2151 so
1463 2091 1517 2151 daß
1540 2091 1566 2151 er
1594 2091 1718 2151 glaubte
1746 2091 1826 2151 seine
1849 2094 1957 2154 Aecker
1984 2097 2152 2157 verbeßern
2180 2097 2206 2157 zu
2234 2099 2309 2159 kön¬

1323 2139 1409 2199 nen,
1431 2139 1517 2199 wenn
1556 2135 1582 2195 er
1610 2135 1669 2195 nur
1697 2135 1756 2195 aus
1784 2137 1832 2197 dem
1876 2139 1956 2199 einen
1995 2142 2043 2202 die
2066 2140 2146 2200 Erde
2169 2148 2222 2208 auf
2244 2148 2292 2208 den

1322 2187 1434 2247 andern
1463 2184 1543 2244 ohne
1572 2182 1753 2242 allzugroße
1777 2186 1884 2246 Kosten
1913 2186 2021 2246 führen
2050 2190 2175 2250 könnte.
2221 2193 2300 2253 Wir

1326 2233 1417 2293 haben
1450 2233 1498 2293 von
1531 2229 1633 2289 unsers
1666 2231 1855 2291 Kleinjoggs
1883 2231 2120 2291 Bemühungen
2148 2234 2174 2294 in
2207 2237 2304 2297 Anse¬

1327 2283 1406 2343 hung
1433 2282 1480 2342 der
1507 2276 1808 2336 Düngungsmittel
1825 2279 2052 2339 Rechenschaft
2069 2279 2216 2339 gegeben,
2233 2282 2306 2342 wel¬

1327 2330 1369 2390 che
1396 2330 1422 2390 er
1443 2327 1501 2387 mit
1523 2327 1596 2387 allem
1639 2324 1739 2384 Recht
1761 2327 1808 2387 für
1841 2327 1893 2387 das
1920 2327 2126 2387 Fundament
2142 2328 2190 2388 des
2217 2330 2306 2390 Feld¬

1326 2378 1422 2438 baues
1439 2371 1597 2431 anstehet;
1614 2372 1670 2432 und
1694 2375 1806 2435 werden
1830 2378 1942 2438 künftig
1971 2375 2015 2435 die
2033 2378 2162 2438 übrigen
2186 2378 2298 2438 Theile

1333 2426 1421 2486 seiner
1443 2417 1661 2477 Wirthschaft
1675 2425 1866 2485 betrachten.

1568 2516 1735 2576 Danzig
1775 2518 1839 2578 und
1872 2520 2058 2580 Leipzig.

1367 2564 1424 2624 D.
1442 2560 1482 2620 L.
1500 2560 1615 2620 Wedel
1627 2566 1766 2626 verlegt:
1789 2560 1806 2620 ”
1824 2566 2049 2626 Theologische
2073 2572 2217 2632 Berichte
2235 2575 2287 2635 von

1322 2614 1443 2674 "neuen
1475 2608 1623 2668 Büchern
1660 2614 1718 2674 und
1750 2612 1945 2672 Schriften,
1967 2616 2019 2676 von
2056 2620 2140 2680 einer
2178 2620 2299 2680 Gesell¬

1351 2661 1448 2721 schaft
1466 2656 1488 2716 zu
1518 2654 1644 2714 Danzig
1668 2661 1892 2721 ausgefertigt.
1938 2661 2018 2721 Das
2042 2664 2110 2724 erste
2134 2667 2289 2727 Stück.”

1319 2709 1405 2769 Herr
1429 2700 1540 2760 Prof.
1564 2709 1837 2769 Wernsdorf
1873 2709 1930 2769 hat
1954 2709 2001 2769 die
2036 2713 2175 2773 Aufsicht
2199 2710 2297 2770 dieses

1318 2756 1431 2816 Werks
1460 2748 1709 2808 übernommen,
1732 2757 1829 2817 davon
1857 2757 1987 2817 jährlich
2015 2757 2048 2817 10
2075 2760 2195 2820 Stück,
2212 2757 2298 2817 jedes

1318 2809 1352 2869 zu
1381 2802 1391 2862 6
1420 2799 1534 2859 Bogen
1563 2801 1585 2861 in
1614 2804 1647 2864 8.
1670 2808 1932 2868 herauskommen
1955 2810 2096 2870 werden.
2148 2805 2221 2865 Von
2250 2805 2300 2865 der

2208 2855 2293 2915 gan¬
