2479 3508
533 1345 817 1405 Fortsetzung.

194 1401 297 1461 Auf
324 1393 362 1453 die
389 1393 610 1453 Vermehrung
637 1393 682 1453 des
709 1393 825 1453 Mistes
852 1396 975 1456 wandte
995 1396 1164 1456 Kleinjogg

210 1438 366 1498 seine
402 1439 500 1499 gröste
523 1440 831 1500 Aufmerksamkeit,
849 1441 907 1501 und
936 1441 999 1501 war
1024 1442 1046 1502 in
1076 1440 1168 1500 dieser

192 1488 393 1548 Bemühung
418 1485 442 1545 so
466 1488 637 1548 glücklich,
662 1487 715 1547 daß
746 1487 781 1547 er
811 1489 864 1549 von
900 1490 995 1550 seiner
1020 1491 1161 1551 geringen

198 1539 328 1599 Anzahl
346 1536 463 1596 Viehes
482 1536 612 1596 jährlich
636 1536 695 1596 100
725 1539 825 1599 Fuder
849 1539 932 1599 Mist
950 1540 1109 1600 sammelt,
1134 1542 1162 1602 da

196 1587 225 1647 er
250 1588 279 1648 im
322 1587 443 1647 Anfang
473 1584 527 1644 von
564 1587 745 1647 dergleichen
781 1590 907 1650 Anzahl
933 1590 1052 1650 Viehes
1077 1591 1149 1651 kaum

196 1637 243 1697 die
268 1637 381 1697 Hälfte
406 1637 735 1697 zusammengebracht
754 1637 825 1697 hat,
850 1639 885 1699 ob
922 1638 952 1698 er
976 1643 1048 1703 auch
1072 1643 1162 1703 gleich

191 1688 318 1748 damals
347 1688 368 1748 so
402 1685 463 1745 viel
485 1685 602 1745 machte
619 1687 668 1747 als
692 1686 735 1746 ein
764 1688 891 1748 anderer
925 1688 1042 1748 Bauer
1070 1691 1097 1751 in
1125 1691 1175 1751 sei¬

192 1736 249 1796 nem
290 1736 412 1796 Dorfe.
458 1732 504 1792 Er
534 1733 632 1793 stellte
656 1736 788 1796 darüber
818 1736 863 1796 die
887 1736 1089 1796 Anmerkung
1119 1739 1170 1799 an,

193 1781 247 1841 daß
280 1784 344 1844 man
372 1781 550 1841 insgemein
577 1781 723 1841 allzuviel
746 1781 821 1841 Vieh
859 1781 1053 1841 unterhalte.
1103 1789 1167 1849 Zur

194 1830 369 1890 Auflösung
393 1828 488 1888 dieses
506 1825 653 1885 Räthsels
676 1825 737 1885 sagt
755 1824 806 1884 er:
829 1825 936 1885 "Bey
959 1828 1049 1888 vielem
1084 1833 1162 1893 Viel

191 1874 286 1934 "wird
314 1879 382 1939 man
409 1873 595 1933 gezwungen
622 1870 729 1930 solches
756 1870 777 1930 im
815 1870 974 1930 Sommer
990 1873 1011 1933 so
1038 1876 1102 1936 viel
1118 1878 1160 1938 als

195 1924 343 1984 "möglich
373 1921 462 1981 außer
486 1915 539 1975 dem
581 1915 681 1975 Stall
700 1915 729 1975 in
753 1915 806 1975 den
843 1915 972 1975 Weiden
1003 1920 1097 1980 laufen
1133 1924 1156 1984 zu

196 1970 334 2030 "laßen;
360 1966 486 2026 dadurch
518 1960 593 2020 geht
619 1960 669 2020 der
701 1960 789 2020 Mist
815 1957 871 2017 für
890 1960 941 2020 die
960 1966 1168 2026 Wirthschaft

193 2014 403 2074 Pverlohren.
452 2008 530 2068 Das
555 2008 633 2068 Vieh
658 2009 760 2069 findet
779 2010 833 2070 auf
851 2009 1002 2069 schlechten
1033 2014 1159 2074 Weiden

197 2058 357 2118 „schlechte
385 2055 573 2115 Nahrung,
607 2057 667 2117 und
707 2058 794 2118 giebt
823 2058 878 2118 nur
906 2057 1005 2117 wenig
1039 2061 1144 2121 Milch

195 2100 305 2160 wenn
329 2106 397 2166 man
427 2106 473 2166 den
503 2106 642 2166 Mangel
660 2109 740 2169 nicht
759 2109 822 2169 mit
840 2109 962 2169 frischen
986 2106 1101 2166 Grase,
1113 2108 1165 2168 das

196 2141 237 2201 "in
268 2154 316 2214 die
335 2155 462 2215 Krippe
487 2157 638 2217 gemähet
657 2157 754 2217 wird,
773 2157 893 2217 ersetzt.
937 2157 985 2217 Im
1034 2157 1161 2217 Winter

186 2198 284 2258 "kann
320 2205 389 2265 man
419 2205 453 2265 sie
471 2205 530 2265 nur
554 2205 681 2265 schlecht
705 2208 851 2268 füttern,
886 2205 1014 2265 welches
1038 2203 1084 2263 die
1108 2205 1165 2265 Ur¬

188 2252 288 2312 "sache
322 2253 378 2313 von
418 2253 539 2313 allerley
574 2252 792 2312 Krankheiten
826 2253 931 2313 wird,
960 2249 1015 2309 und
1055 2252 1160 2312 wegen

197 2301 362 2361 "Mangel
385 2303 429 2363 des
462 2300 567 2360 Heues
601 2300 678 2360 wird
701 2303 844 2363 meistens
873 2301 911 2361 ein
939 2298 1043 2358 großer
1072 2298 1165 2358 Theil

187 2342 259 2402 "des
284 2351 436 2411 Strohes
461 2348 515 2408 bey
540 2348 589 2408 dem
632 2348 759 2408 Füttern
791 2351 1004 2411 verbraucht,
1029 2343 1083 2403 und
1114 2344 1168 2404 da¬

192 2393 304 2453 "durch
334 2397 381 2457 die
411 2396 558 2456 Materie
589 2396 635 2456 des
660 2396 772 2456 Mistes
796 2399 1008 2459 vermindert.
1062 2390 1156 2450 Unser

191 2443 358 2503 Kleinjogg
386 2443 553 2503 unterhält
570 2443 626 2503 also
648 2443 731 2503 nicht
755 2444 837 2504 mehr
860 2446 971 2506 Vieh,
988 2441 1032 2501 als
1061 2440 1088 2500 er
1111 2437 1166 2497 mit

192 2491 260 2551 Heu
284 2494 341 2554 und
365 2491 469 2551 Gras,
481 2491 532 2551 das
556 2491 653 2551 ganze
678 2493 764 2553 Jahr
788 2492 891 2552 durch,
903 2494 989 2554 wohl
1007 2487 1157 2547 ernähren

192 2539 293 2599 kann.
339 2539 429 2599 Alles
458 2537 565 2597 Stroh
594 2539 667 2599 wird
696 2539 752 2599 mit
775 2542 888 2602 großer
917 2539 1075 2599 Sorgfalt
1093 2536 1143 2596 zum

195 2587 339 2647 Streuen
369 2584 572 2644 aufgespart.
614 2586 665 2646 Er
684 2586 747 2646 legt
771 2589 840 2649 auch
870 2590 916 2650 dem
957 2589 1032 2649 Vieh
1062 2587 1084 2647 so
1108 2583 1171 2643 viel

197 2635 302 2695 Stroh
330 2635 445 2695 unter,
468 2632 524 2692 daß
557 2634 623 2694 man
663 2634 684 2694 in
712 2635 806 2695 seinem
851 2640 967 2700 Stalle
990 2635 1033 2695 bis
1062 2635 1089 2695 an
1117 2632 1166 2692 die

189 2687 277 2747 Knie
296 2682 320 2742 in
350 2681 397 2741 den
427 2679 552 2739 weichen
576 2679 671 2739 Lagen
695 2682 844 2742 einsinkt.
886 2688 993 2748 Ueber
1011 2681 1070 2741 dies
1089 2679 1165 2739 sucht

192 2736 221 2796 er
246 2734 347 2794 alles,
365 2727 430 2787 was
460 2727 507 2787 sich
544 2728 596 2788 zum
645 2730 787 2790 Streuen
817 2736 936 2796 schicken
978 2733 1079 2793 kann,
1104 2729 1162 2789 aus

192 2786 295 2846 seinen
324 2779 454 2839 Gütern
476 2781 683 2841 zusammen,
705 2781 787 2841 Laub
816 2785 870 2845 von
913 2787 960 2847 den
989 2781 1168 2841 Bäumen,

609 1249 725 1309 16tes
767 1250 934 1310 Stück.
993 1252 1218 1312 Montag,
1252 1255 1310 1315 den
1361 1255 1444 1315 26.
1478 1255 1619 1315 März.
1654 1255 1786 1315 1764.

1204 1347 1335 1407 Moos,
1357 1345 1399 1405 rc.
1447 1345 1520 1405 Vor
1542 1345 1615 1405 allem
1658 1345 1726 1405 fand
1747 1345 1778 1405 er
1800 1345 1879 1405 einen
1906 1345 2016 1405 großen
2059 1345 2179 1405 Schatz

1204 1387 1224 1447 in
1256 1390 1307 1450 den
1333 1390 1473 1450 kleinsten
1499 1390 1623 1450 Aestgen
1655 1390 1712 1450 und
1739 1390 1863 1450 Nadeln
1894 1390 1940 1450 der
1962 1392 2091 1452 Tannen
2117 1395 2174 1455 und

1202 1435 1351 1495 Fichten,
1379 1437 1434 1497 und
1462 1437 1605 1497 widmete
1628 1437 1711 1497 ihrer
1739 1434 1949 1494 Zubereitung
1982 1436 2032 1496 die
2049 1440 2170 1500 meisten

1211 1484 1382 1544 Stunden,
1405 1485 1454 1545 die
1477 1483 1532 1543 von
1560 1485 1604 1545 der
1627 1484 1815 1544 Feldarbeit
1832 1482 1915 1542 übrig
1943 1482 2082 1542 blieben.
2132 1485 2176 1545 Er

1208 1536 1273 1596 fand
1297 1535 1367 1595 auch
1392 1535 1468 1595 diese
1492 1533 1740 1593 Beschäftigung
1765 1533 1793 1593 so
1812 1530 1959 1590 wichtig,
1989 1532 2042 1592 daß
2066 1530 2095 1590 er
2114 1533 2178 1593 nir¬

1200 1587 1291 1647 gends
1316 1587 1407 1647 mehr
1432 1585 1480 1645 den
1512 1585 1652 1645 Mangel
1671 1582 1860 1642 gnugsamer
1879 1581 1976 1641 Hülfe
2001 1580 2049 1640 zur
2068 1581 2184 1641 Arbeit

1208 1636 1390 1696 bedauerte,
1413 1635 1474 1695 und
1497 1637 1552 1697 aus
1580 1634 1674 1694 diesem
1714 1630 1842 1690 Grunde
1865 1628 1959 1688 siehet
1981 1628 2009 1688 er
2032 1628 2081 1688 bey
2109 1630 2159 1690 dem

1208 1685 1397 1745 Wachsthum
1436 1685 1536 1745 seiner
1564 1684 1686 1744 Kinder
1709 1682 1792 1742 einen
1821 1679 1932 1739 großen
1966 1679 2088 1739 Seegen
2122 1681 2182 1741 ent¬

1202 1733 1317 1793 gegen,
1345 1733 1417 1793 weil
1435 1733 1467 1793 es
1490 1733 1540 1793 ihm
1579 1733 1640 1793 nur
1657 1731 1689 1791 an
1718 1730 1918 1790 arbeitenden
1946 1730 2079 1790 Händen
2107 1729 2184 1789 fehlt

1199 1779 1258 1839 mit
1288 1781 1437 1841 derselben
1473 1781 1603 1841 Anzahl
1628 1778 1746 1838 Viehes
1776 1778 1853 1838 seine
1884 1778 1942 1838 100
1973 1777 2073 1837 Fuder
2092 1777 2180 1837 Mist

1207 1826 1256 1886 bis
1290 1825 1345 1885 auf
1373 1825 1434 1885 150
1467 1825 1494 1885 zu
1528 1826 1733 1886 vermehren.
1784 1826 1833 1886 Im
1873 1825 2005 1885 Herbste
2033 1823 2132 1883 pflegt
2149 1826 2176 1886 er

1204 1873 1230 1933 in
1258 1870 1306 1930 den
1334 1870 1565 1930 aufsteigenden
1599 1875 1722 1935 Zeichen
1755 1870 1803 1930 des
1837 1872 1982 1932 Mondes
2010 1870 2036 1930 zu
2064 1870 2160 1930 diesem

1204 1918 1270 1978 End
1299 1915 1320 1975 in
1349 1915 1399 1975 den
1427 1915 1521 1975 Wald
1544 1918 1571 1978 zu
1600 1918 1716 1978 gehen,
1739 1918 1817 1978 dann
1845 1918 1978 1978 schlüpft
1996 1915 2023 1975 er
2046 1918 2101 1978 mit
2118 1918 2162 1978 dem

1198 1965 1307 2025 ganzen
1341 1960 1405 2020 Leib
1433 1960 1520 2020 unter
1548 1963 1591 2023 die
1613 1963 1772 2023 dichtesten
1800 1963 1963 2023 Gebüsche
1985 1963 2039 2023 von
2062 1965 2170 2025 jungen

1207 2010 1332 2070 Tannen
1358 2005 1418 2065 und
1450 2005 1600 2065 Fichten,
1621 2008 1778 2068 schneidet
1804 2007 1863 2067 mit
1889 2008 1970 2068 einem
2011 2011 2167 2071 krummen

1205 2057 1323 2117 Meßer
1353 2052 1400 2112 die
1430 2049 1642 2109 überflüßigen
1678 2049 1831 2109 schlechten
1867 2051 2056 2111 Bäumchen
2092 2052 2168 2112 ganz

1196 2105 1285 2165 weg,
1309 2098 1386 2158 sonst
1416 2094 1481 2154 aber
1506 2095 1565 2155 und
1595 2094 1648 2154 bey
1679 2094 1731 2154 den
1768 2094 1976 2154 erwachsenen
2012 2096 2160 2156 Bäumen

1199 2153 1262 2213 nur
1286 2149 1331 2209 die
1350 2142 1499 2202 untersten
1530 2145 1650 2205 Reihen
1680 2145 1732 2205 von
1756 2142 1877 2202 Aesten.
1924 2142 2051 2202 Hievon
2075 2145 2172 2205 macht

1202 2201 1225 2261 er
1250 2193 1385 2253 Bindel,
1398 2190 1433 2250 sie
1457 2194 1522 2254 nach
1552 2196 1658 2256 Hause
1677 2196 1706 2256 zu
1730 2194 1860 2254 tragen,
1884 2193 1925 2253 wo
1950 2193 1978 2253 er
2003 2194 2038 2254 sie
2063 2196 2086 2256 in
2110 2196 2174 2256 gro¬

1199 2247 1252 2307 ßen
1276 2239 1399 2299 Haufen
1423 2238 1471 2298 bis
1495 2242 1524 2302 zu
1554 2246 1642 2306 ihrem
1684 2243 1849 2303 Gebrauch
1873 2243 1896 2303 in
1926 2246 2009 2306 einem
2051 2246 2174 2306 Schop¬

1202 2291 1242 2351 fen
1277 2286 1457 2346 verwahrt.
1498 2294 1572 2354 Die
1596 2297 1804 2357 Zubereitung
1834 2294 1925 2354 dieser
1956 2293 2082 2353 Zweige
2100 2294 2151 2354 zum

1200 2336 1341 2396 Streuen
1370 2334 1455 2394 giebt
1473 2339 1523 2399 ihm
1564 2342 1608 2402 bey
1638 2342 1780 2402 müßigen
1815 2342 1962 2402 Stunden
1991 2342 2047 2402 und
2070 2343 2178 2403 schlaf=

1196 2384 1272 2444 losen
1303 2383 1444 2443 Nachten
1474 2389 1556 2449 einen
1592 2393 1656 2453 eben
1687 2393 1710 2453 so
1735 2390 1947 2450 angenehmen
1977 2390 2018 2450 als
2042 2390 2159 2450 leichten

1192 2432 1424 2492 Zeitvertreib,
1444 2438 1538 2498 indem
1576 2440 1601 2500 er
1627 2440 1683 2500 mit
1702 2442 1796 2502 seinem
1835 2437 1991 2497 krummen
2024 2437 2174 2497 Hagmes¬

1204 2481 1242 2541 ser
1262 2479 1314 2539 die
1334 2483 1477 2543 zartesten
1510 2491 1633 2551 Zweige
1660 2489 1711 2549 von
1745 2488 1796 2548 den
1829 2485 1939 2545 groben
1966 2482 2174 2542 abschneidet,

1200 2530 1259 2590 und
1284 2528 1338 2588 von
1368 2533 1416 2593 dem
1454 2538 1555 2598 harten
1574 2539 1670 2599 Holze
1696 2539 1737 2599 die
1756 2533 1876 2593 Nadeln
1901 2533 2057 2593 abstreift,
2070 2532 2106 2592 um
2137 2533 2172 2593 sie

1194 2579 1244 2639 zur
1270 2581 1440 2641 Streuung
1472 2586 1528 2646 auf
1548 2587 1711 2647 besondere
1731 2583 1856 2643 Haufen
1889 2581 1913 2641 zu
1939 2578 2071 2638 werfen.
2097 2578 2166 2638 Die

1194 2626 1296 2686 harten
1321 2629 1473 2689 holzigten
1504 2637 1626 2697 Zweige
1645 2633 1705 2693 legt
1730 2632 1753 2692 er
1779 2629 1827 2689 zum
1864 2628 2089 2688 Brenngeräth
2120 2626 2168 2686 bey

1200 2673 1318 2733 Seite.
1363 2677 1432 2737 Auf
1458 2682 1532 2742 diese
1552 2682 1658 2742 Weise
1678 2677 1822 2737 sammelt
1835 2674 1866 2734 er
1885 2673 1953 2733 eine
1973 2673 2098 2733 Menge
2118 2669 2167 2729 der

1194 2723 1289 2783 besten
1322 2727 1469 2787 Materie
1489 2730 1540 2790 zum
1586 2730 1695 2790 Mist,
1715 2724 1765 2784 die
1785 2724 1868 2784 sonst
1888 2722 1913 2782 in
1939 2724 1983 2784 den
2016 2718 2176 2778 Waldun=

1198 2777 1250 2837 gen
1278 2773 1443 2833 ungenutzt
1470 2781 1636 2841 verfaulet,
1650 2778 1702 2838 und
1730 2775 1775 2835 für
1796 2772 1842 2832 den
1869 2770 2001 2830 Feldbau
2029 2763 2161 2823 verloren

2080 2814 2184 2874 geht.
