2479 3508
286 372 393 432 ments
428 372 478 432 bey
513 372 564 432 J.
582 371 627 431 K.
651 369 701 429 K.
725 369 821 429 Maj.
850 369 901 429 die
930 371 1146 431 Aufwartung
1181 372 1277 432 haben

284 419 384 479 wird.
436 417 627 477 Vorgestern
658 416 794 476 statteten
820 419 850 479 zu
881 419 926 479 dem
972 419 1199 479 Geburtsfeste
1220 420 1290 480 Sr.

288 467 431 527 Königl.
449 464 543 524 Hoh.
566 464 615 524 des
644 464 837 524 Erzherzogs
871 464 1037 524 Josephs,
1066 469 1109 529 die
1133 467 1293 527 Deputir¬

283 515 329 575 ten
360 512 407 572 des
433 512 562 572 hiesigen
594 512 723 572 Raths,
744 515 874 575 nemlich
901 513 999 573 beyde
1020 517 1071 577 der
1098 515 1170 575 Zeit
1186 515 1289 575 regie¬

289 560 383 620 rende
408 560 669 620 Burgermeister
695 563 753 623 und
779 561 862 621 Herr
898 563 1075 623 Syndicus
1105 563 1287 623 Grimmei¬

292 610 335 670 sen
368 607 421 667 bey
450 609 498 669 dem
542 607 634 667 ersten
673 607 814 667 Königl.
847 610 1065 670 Böhmischen
1087 610 1283 670 Wahlboth=

292 658 445 718 schafter,
482 658 614 718 Fürsten
651 658 709 718 von
757 658 957 718 Esterhazy,
995 661 1047 721 den
1105 658 1279 718 devotesten

294 706 542 766 Glückswunsch
569 706 627 766 ab.
696 706 966 766 Höchstgedachte
993 703 1067 763 Se.
1094 709 1295 769 Hochfürstl.

292 752 427 812 Gnaden
463 754 563 814 haben
599 754 790 814 gemeldeten
836 753 905 813 Tag
946 754 996 814 den
1032 755 1142 815 sämtl.
1173 754 1278 814 Herrn

292 801 633 861 Wahlbothschaftern
663 804 707 864 ein
731 801 913 861 prächtiges
936 802 1038 862 Festin
1073 804 1232 864 gegeben.

563 858 729 918 Paris,
753 861 808 921 den
842 861 881 921 9.
909 861 1026 921 Merz.

335 906 443 966 Kraft
459 906 542 966 eines
574 909 922 969 Parlamentspruches
958 910 1015 970 vom
1062 912 1129 972 3ten
1161 909 1197 969 d.
1223 909 1285 969 und

291 956 381 1016 eines
406 954 645 1014 Mandements
675 957 727 1017 von
756 959 809 1019 dem
848 957 1145 1017 General=Vicaire
1169 957 1279 1017 unsers

289 1001 488 1061 Erzbischofs
511 1001 549 1061 ist
572 1001 605 1061 es
634 1004 783 1064 erlaubt,
812 1006 861 1066 die
889 1006 1073 1066 Fastenzeit
1101 1005 1172 1065 über
1201 1004 1283 1064 Eyer

287 1049 442 1109 öffentlich
473 1049 503 1109 zu
539 1052 705 1112 verkaufen
741 1050 801 1110 und
837 1052 866 1112 zu
897 1052 998 1112 essen.
1069 1052 1280 1112 Siebenzehn

288 1097 486 1157 Mitglieder
507 1097 557 1157 des
583 1098 760 1158 gewesenen
792 1097 1066 1157 Jesuitenordens
1087 1099 1178 1159 haben
1209 1097 1295 1157 kürz¬

290 1145 370 1205 lich,
401 1144 465 1204 nach
496 1145 546 1205 dem
587 1145 743 1205 Beyspiel
764 1142 813 1202 des
834 1142 884 1202 P.
895 1142 965 1202 Des
985 1142 1136 1202 Noyers,
1157 1142 1201 1202 den
1227 1141 1282 1201 Eid

287 1190 450 1250 abgelegt.
500 1190 568 1250 Alle
594 1190 766 1250 diejenige,
792 1189 900 1249 welche
925 1187 974 1247 sich
1000 1187 1162 1247 demselben
1187 1187 1290 1247 unter¬

293 1239 432 1299 werfen,
464 1234 604 1294 erhalten
636 1235 843 1295 Pensionen.
916 1234 1004 1294 Man
1041 1234 1129 1294 sagt,
1155 1234 1212 1294 daß
1238 1233 1290 1293 der

287 1290 398 1350 König
435 1288 504 1348 eine
531 1287 588 1347 von
621 1287 711 1347 4000
748 1285 853 1345 Livres
891 1284 943 1344 dem
992 1282 1045 1342 P.
1066 1285 1288 1345 Desmarets,

290 1339 392 1399 seinem
426 1336 654 1396 Beichtvater,
682 1337 709 1397 zu
732 1336 895 1396 gestanden
917 1336 987 1396 hat,
1010 1336 1064 1396 der
1086 1336 1129 1396 sich
1157 1336 1222 1396 nach
1244 1335 1292 1395 der

299 1387 462 1447 Schweitz
484 1385 542 1445 mit
569 1385 616 1445 den
648 1386 701 1446 P.
717 1385 833 1445 Croust
865 1386 923 1446 und
955 1388 1135 1448 Berthier,
1156 1387 1209 1447 dem
1251 1385 1293 1445 al¬

283 1432 328 1492 ten
364 1434 674 1494 Journalschreiber
705 1430 761 1490 von
797 1431 974 1491 Trevoux,
1011 1434 1147 1494 begeben
1189 1434 1290 1494 wird.

297 1481 381 1541 Man
408 1482 493 1542 sagt,
515 1481 568 1541 daß
600 1479 647 1539 die
669 1482 812 1542 Königin
839 1480 886 1540 sich
914 1482 998 1542 einen
1025 1485 1200 1545 polnischen
1228 1482 1285 1542 und

293 1527 340 1587 die
367 1530 515 1590 Gemalin
547 1529 594 1589 des
622 1530 806 1590 Dauphins
833 1530 917 1590 einen
949 1530 1123 1590 sächsischen
1162 1530 1293 1590 Beicht¬

293 1577 380 1637 vater
406 1578 612 1638 verschreiben
644 1578 747 1638 wird;
773 1575 849 1635 weil
871 1576 932 1636 alle
954 1578 1124 1638 Jesuiten,
1155 1578 1206 1638 die
1227 1575 1278 1635 bey

290 1622 345 1682 der
366 1622 507 1682 Königl.
528 1622 669 1682 Familie
700 1618 725 1678 in
761 1618 913 1678 Diensten
949 1620 1137 1680 gestanden,
1162 1617 1288 1677 Befehl

291 1667 468 1727 bekommen
506 1664 557 1724 sich
581 1664 613 1724 zu
647 1661 834 1721 entfernen.
886 1661 965 1721 Das
994 1662 1279 1722 Misverständniß

297 1715 405 1775 unsers
432 1709 535 1769 Hofes
561 1711 624 1771 mit
640 1709 691 1769 dem
738 1709 924 1769 Römischen
967 1709 1086 1769 nähert
1112 1709 1158 1769 sich
1190 1710 1272 1770 einem

294 1763 489 1823 öffentlichen
511 1760 712 1820 Ausbruche,
728 1757 797 1817 weil
814 1757 876 1817 man
903 1757 1025 1817 spricht,
1041 1757 1088 1817 daß
1110 1758 1158 1818 der
1174 1758 1290 1818 päbstl.

294 1811 446 1871 Nuntius
474 1809 648 1869 reisefertig
671 1808 736 1868 seyn
764 1808 834 1868 soll.
884 1802 1003 1862 Gewiß
1026 1805 1069 1865 ist
1086 1807 1135 1867 es,
1163 1808 1216 1868 daß
1239 1806 1287 1866 der

297 1858 402 1918 König
432 1858 477 1918 die
503 1857 744 1917 Vorstellungen
775 1852 824 1912 des
850 1854 1086 1914 Parlaments,
1107 1857 1217 1917 welche
1237 1854 1282 1914 der

289 1906 363 1966 erste
385 1903 577 1963 President,
604 1903 630 1963 in
652 1900 854 1960 Begleitung
877 1903 924 1963 der
940 1904 1143 1964 Presidenten
1165 1904 1287 1964 Alligre

294 1952 355 2012 und
377 1951 543 2011 Ormesson
572 1950 621 2010 den
650 1951 716 2011 4ten
750 1948 771 2008 in
806 1950 922 2010 Behuf
945 1953 994 2013 des
1023 1957 1222 2017 Erzbischofs
1239 1954 1288 2014 ge=

294 2003 390 2063 than,
412 2000 531 2060 gehört
553 2001 612 2061 und
645 1999 764 2059 gnädig
792 2005 1062 2065 aufgenommen.
1111 2005 1181 2065 Die
1203 2002 1289 2062 Vor¬

303 2052 463 2112 stellungen
499 2049 550 2109 des
576 2052 787 2112 Parlaments
818 2052 873 2112 von
899 2055 1065 2115 Bretagne
1081 2052 1201 2112 machen
1227 2051 1292 2111 vie¬

290 2100 316 2160 le
333 2100 587 2160 Bewegungen,
603 2102 677 2162 weil
694 2101 826 2161 selbiges
853 2102 964 2162 dreiste
985 2103 1181 2163 behauptet:
1203 2097 1277 2157 "daß

294 2149 344 2209 alle
370 2150 512 2210 Classen,
538 2148 604 2208 eine
636 2148 696 2208 wie
723 2148 768 2208 die
789 2148 921 2208 andere,
947 2150 997 2210 dem
1044 2151 1242 2211 Parlement
1253 2149 1283 2209 zu

297 2193 401 2253 Paris
422 2195 507 2255 gleich
533 2193 693 2253 wären";
709 2195 799 2255 unter
820 2191 904 2251 dessen
930 2197 1060 2257 letzteres
1086 2199 1130 2259 sich
1151 2199 1201 2259 den
1227 2196 1286 2256 ein¬

288 2242 372 2302 zigen
405 2240 463 2300 und
490 2240 686 2300 eigentlichen
719 2236 788 2296 Hof
810 2236 857 2296 der
884 2243 985 2303 Pairs
1017 2249 1134 2309 nennt.
1209 2245 1283 2305 Die

299 2285 461 2345 Stiftung
484 2282 536 2342 für
560 2283 605 2343 die
630 2283 809 2343 Invaliden
844 2284 901 2344 soll
925 2294 1122 2354 aufgehoben
1146 2294 1278 2354 werden,

289 2336 372 2396 weil
385 2333 455 2393 ihre
481 2330 647 2390 Schulden
679 2330 730 2390 sich
756 2330 813 2390 auf
839 2331 883 2391 32
916 2341 1094 2401 Millionen
1127 2344 1267 2404 belaufen

291 2384 399 2444 sollen.
454 2378 536 2438 Der
564 2378 698 2438 Officier
726 2378 808 2438 wird
843 2387 1135 2447 Gnadengehalte,
1162 2393 1209 2453 der
1230 2393 1277 2453 ge¬

287 2432 389 2492 meine
416 2429 543 2489 Soldat
563 2429 633 2489 aber
660 2426 710 2486 den
737 2426 846 2486 halben
885 2430 968 2490 Sold
1001 2437 1026 2497 in
1065 2442 1160 2502 seiner
1193 2440 1282 2500 Hey¬

294 2479 377 2539 math
410 2479 435 2539 zu
467 2479 615 2539 genießen
648 2473 847 2533 bekommen,
874 2477 931 2537 und
957 2483 1021 2543 man
1047 2488 1214 2548 verspricht
1227 2491 1272 2551 sich

292 2527 345 2587 von
376 2527 466 2587 dieser
491 2527 703 2587 Einrichtung
728 2522 806 2582 viele
831 2527 1007 2587 Vortheile
1032 2533 1085 2593 zur
1116 2536 1285 2596 Bevölke¬

286 2577 368 2637 rung
399 2575 446 2635 der
470 2575 665 2635 Ländereyen
690 2573 742 2633 und
767 2572 974 2632 Provinzen.
1022 2578 1092 2638 Die
1111 2584 1282 2644 Marquise

287 2624 348 2684 von
386 2626 608 2686 Pompadour
640 2623 682 2683 ist
708 2623 744 2683 zu
783 2620 1054 2680 Choisi-le=Roi
1085 2632 1147 2692 mit
1179 2634 1258 2694 einem

293 2670 502 2730 gefährlichen
534 2672 768 2732 Seitenstechen
799 2667 972 2727 überfallen
1004 2676 1152 2736 worden,
1183 2682 1287 2742 befin¬

287 2724 337 2784 det
357 2723 406 2783 sich
432 2720 501 2780 aber
527 2718 582 2778 seit
602 2719 646 2779 den
678 2721 822 2781 gestrigen
855 2715 993 2775 Morgen
1025 2722 1119 2782 außer
1132 2729 1276 2789 Gefahr.

513 2769 727 2829 London,
766 2769 820 2829 den
860 2768 903 2828 9.
926 2766 1030 2826 Merz

336 2817 408 2877 Den
436 2817 502 2877 5ten
530 2817 563 2877 d.
580 2817 685 2877 langte
708 2818 818 2878 allhier
847 2817 890 2877 der
908 2814 1062 2874 Freyherr
1080 2820 1134 2880 von
1157 2823 1273 2883 Schee=

286 2867 314 2927 le
349 2867 412 2927 mit
442 2870 493 2930 der
528 2867 701 2927 Nachricht
730 2867 788 2927 an,
812 2867 869 2927 daß
904 2867 950 2927 der
979 2867 1077 2927 Prinz
1101 2870 1273 2930 Friedrich,

1326 373 1381 433 zum
1420 370 1552 430 Bischof
1576 373 1630 433 von
1664 375 1852 435 Osnabrück
1875 373 2012 433 erwählt
2030 372 2173 432 worden.
2207 374 2317 434 Außer

1323 419 1376 479 der
1403 419 1619 479 Verwaltung
1646 422 1799 482 während
1826 425 1921 485 seiner
1943 421 2143 481 Minorität,
2170 420 2222 480 soll
2244 422 2307 482 auch

1317 467 1508 527 abgemacht
1533 467 1656 527 worden
1696 473 1794 533 seyn,
1824 473 1883 533 daß
1918 473 2001 533 wenn
2041 469 2227 529 unterdessen
2267 468 2316 528 der

1327 515 1430 575 Prinz
1456 515 1570 575 sterben
1601 515 1689 575 solte,
1715 521 1767 581 der
1793 521 1896 581 König
1922 520 1979 580 das
2006 520 2108 580 Recht
2119 518 2202 578 einer
2218 518 2311 578 neuen

1326 563 1575 623 Bischofswahl
1598 564 1745 624 behielte,
1774 569 1870 629 dessen
1904 569 2085 629 Einkünfte
2108 566 2221 626 50000
2250 566 2317 626 Pf.

1331 610 1444 670 Sterl.
1460 610 1604 670 geschätzt
1620 610 1764 670 werden.
1811 614 1883 674 Die
1904 618 2095 678 Ostindische
2116 614 2312 674 Compagnie

1321 655 1375 715 hat
1396 658 1445 718 dem
1490 658 1836 718 General=Brigadier
1862 667 2005 727 Caillaud
2035 667 2089 727 das
2119 664 2322 724 Hauptcom¬

1323 706 1436 766 mando
1466 708 1540 768 über
1565 709 1609 769 die
1634 706 1781 766 Troupen
1811 709 1835 769 im
1875 712 2057 772 Königreich
2082 716 2230 776 Bengala
2250 711 2318 771 auf¬

1323 754 1491 814 getragen.
1540 757 1629 817 Man
1656 755 1766 815 spricht
1788 757 1840 817 von
1877 757 1929 817 der
1956 763 2130 823 Erhebung
2162 763 2209 823 des
2241 763 2314 823 Na¬

1324 801 1377 861 bob
1405 804 1524 864 Jaffier
1552 801 1736 861 Aly=Cawn
1769 804 1823 864 auf
1846 803 1894 863 den
1927 805 2035 865 Thron
2063 810 2117 870 von
2144 813 2318 873 Bengala,

1324 852 1448 912 Bahar
1478 854 1539 914 und
1563 852 1659 912 Orixa
1688 850 1715 910 an
1751 852 1795 912 die
1818 851 1926 911 Stelle
1955 852 2005 912 des
2035 860 2216 920 abgesetzten
2245 859 2317 919 Cos¬

1328 900 1362 960 sin
1392 900 1542 960 Ali=Kan
1578 902 1647 962 sehr
1676 900 1890 960 zuverläßig;
1920 900 2110 960 unterdessen
2146 907 2203 967 hat
2233 909 2313 969 diese

1327 950 1682 1010 Staatsveränderung
1708 949 1805 1009 außer
1827 947 1852 1007 so
1884 947 1950 1007 viel
1977 948 2100 1008 tausend
2131 956 2301 1016 Menschen

1324 992 1373 1052 der
1396 998 1600 1058 Compagnie
1623 998 1738 1058 bereits
1772 995 1782 1055 2
1810 995 1860 1055 bis
1882 992 2020 1052 300000
2048 995 2114 1055 Pf.
2131 1001 2246 1061 Sterl.
2264 1007 2313 1067 ge¬

1324 1037 1434 1097 kostet.
1480 1046 1556 1106 Den
1585 1046 1651 1106 4ten
1679 1043 1773 1103 dieses
1801 1043 1867 1103 halb
1896 1041 1972 1101 neun
2007 1042 2073 1102 Uhr
2106 1045 2234 1105 Abends
2268 1053 2317 1113 er¬

1328 1085 1416 1145 schien
1445 1091 1511 1151 eine
1534 1094 1617 1154 helle
1640 1094 1768 1154 Säule,
1791 1091 1946 1151 ungefehr
1974 1089 2008 1149 10
2036 1091 2130 1151 Grad
2159 1091 2230 1151 über
2259 1100 2303 1160 den

1326 1132 1506 1192 Horizont,
1528 1138 1574 1198 die
1601 1139 1652 1199 sich
1688 1139 1745 1199 von
1787 1140 1833 1200 der
1870 1139 2009 1199 östlichen
2051 1136 2149 1196 Seite
2186 1143 2310 1203 unserer

1327 1178 1440 1238 Stadt
1456 1184 1570 1244 immer
1601 1184 1688 1244 mehr
1720 1184 1787 1244 nach
1818 1184 1942 1244 Westen
1979 1184 2191 1244 ausbreitete,
2217 1190 2253 1250 um
2290 1194 2305 1254 9

1330 1225 1389 1285 Uhr
1414 1225 1458 1285 die
1483 1228 1616 1288 Gestalt
1632 1231 1710 1291 eines
1731 1231 1967 1291 Regenbogens
1993 1232 2155 1292 annahm,
2181 1237 2239 1297 und
2260 1240 2294 1300 um

1326 1277 1394 1337 halb
1426 1276 1457 1336 10
1490 1279 1605 1339 endlich
1632 1279 1843 1339 verschwand.
1891 1276 1970 1336 Der
1992 1281 2086 1341 Graf
2113 1281 2165 1341 von
2203 1286 2308 1346 Hard¬

1326 1332 1428 1392 wicke,
1445 1333 1617 1393 gewesener
1634 1327 1851 1387 Großcanzler
1873 1327 1970 1387 dieses
1987 1330 2219 1390 Königreichs,
2231 1336 2306 1396 starb

1324 1385 1377 1445 den
1399 1387 1469 1447 6ten
1508 1384 1604 1444 dieses
1632 1383 1658 1443 in
1686 1381 1783 1441 seinem
1827 1384 1929 1444 74sten
1962 1381 2070 1441 Jahr.
2119 1383 2210 1443 Sein
2238 1384 2313 1444 älte¬

1324 1435 1377 1495 ster
1399 1434 1520 1494 Sohn,
1537 1433 1584 1493 der
1611 1431 1743 1491 Vicomt
1765 1431 1824 1491 von
1851 1431 1988 1491 Royston
2021 1431 2052 1491 ist
2074 1431 2127 1491 der
2154 1431 2238 1491 Erbe
2260 1434 2313 1494 sei¬

1323 1482 1374 1542 ner
1400 1482 1508 1542 Güter
1535 1482 1596 1542 und
1627 1482 1735 1542 Titel;
1762 1480 1932 1540 gleichwol
1948 1482 2014 1542 sagt
2035 1482 2133 1542 man,
2149 1484 2200 1544 daß
2231 1485 2308 1545 seine

1322 1530 1543 1590 Canzlerstelle
1575 1527 1626 1587 bey
1657 1529 1708 1589 der
1741 1530 1941 1590 Universität
1968 1528 1993 1588 zu
2025 1533 2220 1593 Cambridge
2242 1536 2287 1596 dem

1321 1578 1444 1638 Grafen
1474 1578 1528 1638 von
1559 1575 1735 1635 Sandwich
1766 1575 1790 1635 zu
1820 1575 1899 1635 theil
1914 1576 2032 1636 werden
2063 1581 2175 1641 dörfte.

1536 1619 1804 1679 Göttingen,
1830 1619 1881 1679 den
1913 1619 1927 1679 9
1964 1621 2082 1681 März.

1366 1658 1442 1718 Der
1465 1661 1576 1721 hiesige
1599 1661 1687 1721 Herr
1710 1661 1815 1721 Prof.
1833 1664 1971 1724 Köhler,
1988 1664 2043 1724 hat
2061 1666 2116 1726 auf
2133 1669 2221 1729 Ihro
2250 1673 2316 1733 Kö¬

1319 1712 1405 1772 nigl.
1422 1709 1540 1769 Hoheit
1557 1709 1600 1769 der
1622 1709 1697 1769 Frau
1719 1709 1951 1769 Erbprinzeßin
1973 1712 2026 1772 von
2049 1715 2297 1775 Braunschweig

1325 1763 1516 1823 Ueberfahrt
1546 1761 1609 1821 aus
1633 1760 1784 1820 England
1825 1762 1899 1822 nach
1930 1763 2103 1823 Holland,
2139 1769 2301 1829 folgendes

1329 1812 1554 1872 Sinngedicht
1580 1812 1746 1872 gemacht:

1448 1858 1522 1918 Die
1550 1860 1735 1920 Schwester
1757 1861 1810 1921 von
1842 1860 1889 1920 dem
1933 1858 2018 1918 Gott
2034 1858 2087 1918 der
2108 1861 2236 1921 Meere,

1369 1908 1539 1968 Erschrickt
1561 1911 1641 1971 nicht
1663 1909 1715 1969 vor
1743 1909 1790 1969 der
1812 1909 1934 1969 Winde
1951 1909 2079 1969 Heere,

1372 1959 1436 2019 Und
1464 1960 1583 2020 bleibt,
1606 1960 1703 2020 Trotz
1726 1957 1801 2017 aller
1829 1959 1970 2019 Stürme
1998 1955 2123 2015 Wuth,

1366 2005 1441 2065 Wie
1469 2008 1609 2068 Venus,
1638 2008 1691 2068 auf
1713 2007 1761 2067 der
1784 2005 1881 2065 See,
1904 2005 1973 2065 voll
1996 2005 2114 2065 Muth.

1793 2050 1863 2110 Der
1892 2052 2066 2112 Mastbaum
2116 2055 2252 2115 krachte;

1369 2053 1434 2113 Sie
1456 2055 1537 2115 folgt
1560 2055 1608 2115 dem
1647 2055 1749 2115 Held.

1367 2101 1439 2161 Wie
1469 2103 1559 2163 nun?
1593 2100 1785 2160 verdunkelt
1803 2100 1848 2160 sich
1877 2097 1944 2157 Ihr
1967 2100 2086 2160 Blick?

1366 2151 1377 2211 O
1421 2154 1535 2214 Nein!
1563 2145 1633 2205 Sie
1655 2147 1699 2207 sah
1727 2146 1775 2206 ihn
1808 2145 1873 2205 an,
1901 2146 1960 2206 und
1989 2148 2113 2208 dachte:

1365 2199 1459 2259 Dort
1482 2198 1571 2258 fährt
1594 2194 1673 2254 mein
1707 2196 1830 2256 Casar!
1853 2196 1925 2256 hier
1943 2193 1998 2253 sein
2026 2199 2149 2259 Glück.

1335 2261 1654 2321 Wechsel-Cours
1674 2258 1682 2318 &
1740 2261 1880 2321 Species
1900 2261 1936 2321 d.
1956 2261 2021 2321 28.
2041 2262 2162 2322 Mart.
2182 2265 2293 2325 1764.

1878 2309 1907 2369 71
1920 2312 2011 2372 Tage
2030 2309 2091 2369 378
2116 2317 2170 2377 gr.

1317 2318 1497 2378 Amsterdam
1533 2315 1567 2375 41
1591 2309 1672 2369 Tage
1696 2315 1818 2375 380gr.

1875 2360 1887 2420 6
1920 2358 1969 2418 W.
1989 2360 2051 2420 163
2071 2360 2127 2420 gr.

1315 2369 1485 2429 Hamburg
1514 2363 1525 2423 3
1548 2363 1593 2423 W.
1605 2363 1661 2423 164
1690 2364 1734 2424 gr.

1771 2408 1924 2468 Dantzig

1315 2414 1418 2474 Berlin

1849 2456 1978 2516 Alberts
2003 2455 2102 2515 Taler
2121 2458 2257 2518 170gr.

1318 2461 1454 2521 Ducaten
1480 2455 1561 2515 neue
1580 2455 1617 2515 11
1643 2458 1679 2518 fl.
1693 2458 1724 2518 12
1743 2459 1792 2519 gr.

1786 2506 1841 2566 Alt
1854 2503 1990 2563 Polnisch
2015 2503 2089 2563 Geld
2108 2507 2138 2567 40
2164 2509 2213 2569 pr.
2226 2512 2300 2572 Cto.

1313 2509 1424 2569 Rubel
1436 2509 1446 2569 4
1469 2506 1502 2566 fl.
1514 2506 1552 2566 23
1570 2507 1620 2567 gr.

1317 2560 1381 2620 Alte
1405 2569 1429 2629 ,
1453 2570 1493 2630 35
1523 2566 1570 2626 pr.
1582 2569 1700 2629 Cento.

1789 2568 1952 2628 Märcksch
1973 2566 2047 2626 Geld
2074 2571 2105 2631 10
2127 2572 2173 2632 pr.
2184 2575 2300 2635 Cento.

1359 2631 1461 2691 Diese
1479 2629 1649 2689 Zeitungen
1674 2632 1788 2692 werden
1819 2632 1976 2692 Montags
2001 2634 2054 2694 und
2074 2635 2224 2695 Freytags
2243 2634 2279 2694 um

1317 2684 1348 2744 10
1370 2679 1433 2739 Uhr
1455 2676 1656 2736 Vormittags
1683 2679 1703 2739 im
1746 2682 1952 2742 Kanterschen
1974 2682 2159 2742 Buchladen
2186 2680 2302 2740 ausge=

1312 2729 1422 2789 geben,
1439 2722 1523 2782 allwo
1544 2723 1607 2783 auch
1629 2727 1692 2787 noch
1713 2727 1760 2787 von
1787 2730 1829 2790 den
1856 2730 1982 2790 hiesigen
2009 2730 2087 2790 resp.
2098 2725 2282 2785 Liebhabern

1308 2778 1357 2838 die
1378 2772 1656 2832 Pränumeration
1686 2777 1918 2837 angenommen
1954 2778 2055 2838 wird,
2081 2773 2292 2833 Auswärtige

1308 2823 1381 2883 aber
1400 2820 1535 2880 belieben
1560 2822 1602 2882 sich
1628 2827 1750 2887 deshalb
1781 2829 1824 2889 bey
1850 2827 1898 2887 dem
1930 2826 2083 2886 Postamt
2102 2826 2187 2886 ihres
2206 2823 2286 2883 Ort=

1301 2876 1329 2936 zu
1359 2867 1506 2927 melden.
