2479 3508
605 1273 718 1333 17tes
772 1274 928 1334 Stück.
991 1276 1200 1336 Freytag,
1228 1278 1297 1338 den
1342 1279 1420 1339 30.
1456 1276 1578 1336 März
1614 1276 1762 1336 1764.

386 1372 658 1432 Königsberg
694 1369 756 1429 und
785 1369 973 1429 Leipzig,

178 1419 317 1479 S.H.
329 1422 497 1482 Hartungs
521 1417 626 1477 Erben
655 1416 713 1476 und
731 1416 771 1476 J.
784 1416 829 1476 D.
836 1416 917 1476 Zeise
941 1416 1033 1476 haben
1057 1414 1172 1474 pränu¬

186 1468 529 1528 merationsweise
545 1464 707 1524 verlegt:”
728 1461 975 1521 Vernunft=und
996 1463 1172 1523 schriftmä¬

183 1511 280 1571 ßige
297 1515 466 1575 Gedanken
494 1513 547 1573 von
575 1512 624 1572 den
652 1512 919 1572 Lebenspflichten
941 1512 989 1572 der
1006 1512 1147 1572 Christen

183 1563 378 1623 Ventworfen
412 1563 462 1623 von
502 1563 630 1623 Daniel
653 1563 803 1623 Heinrich
826 1560 988 1620 Arnoldt,
1016 1560 1066 1620 der
1094 1563 1172 1623 heil.

184 1611 351 1671 „Schrift
374 1610 483 1670 Doct.
513 1612 570 1672 und
605 1611 715 1671 Prof.
739 1610 865 1670 Theol.
895 1613 1004 1673 ordin.
1028 1612 1085 1672 auf
1114 1613 1166 1673 der

181 1664 402 1724 »Universität
432 1664 461 1724 zu
490 1663 695 1723 Königsberg
725 1661 753 1721 in
783 1663 958 1723 Preussen.
988 1664 1098 1724 1764.
1117 1664 1168 1724 S.

190 1709 303 1769 2655.
321 1715 343 1775 in
372 1715 428 1775 4.”
469 1712 536 1772 Der
554 1712 633 1772 Herr
656 1709 928 1769 Consistorialrath
957 1712 1013 1772 und
1037 1712 1166 1772 zweyten

183 1763 405 1823 Hofprediger
432 1762 486 1822 hat
509 1760 757 1820 gegenwärtigen
790 1757 947 1817 Entwurf
969 1757 990 1817 in
1018 1757 1045 1817 IV
1078 1760 1163 1820 Thei

183 1805 214 1865 le
235 1808 356 1868 gefaßt,
384 1808 547 1868 worunter
569 1802 616 1862 der
638 1803 664 1863 I.
680 1805 733 1865 von
760 1805 807 1865 den
829 1804 987 1864 göttlichen
1014 1805 1151 1865 Gesetzen

183 1850 236 1910 als
266 1852 315 1912 dem
360 1848 737 1908 Bestimmungsgrunde
762 1846 978 1906 menschlicher
1003 1851 1150 1911 Handlun

181 1900 235 1960 gen
268 1900 338 1960 statt
365 1900 447 1960 einer
480 1894 664 1954 Einleitung
697 1891 723 1951 zu
751 1893 805 1953 den
838 1894 968 1954 übrigen
1002 1897 1109 1957 dient,
1132 1900 1158 1960 in

181 1945 309 2005 welchen
339 1945 379 2005 II.
397 1942 443 2002 die
467 1941 624 2001 Pflichten
654 1938 734 1998 eines
764 1937 910 1997 Christen
945 1939 1038 1999 gegen
1068 1946 1155 2006 Gott

185 1991 244 2051 III.
263 1991 347 2051 gegen
378 1987 426 2047 sich
451 1984 552 2044 selbst,
577 1984 631 2044 und
656 1984 692 2044 IV
723 1984 806 2044 gegen
843 1984 891 2044 den
923 1987 1079 2047 Nächsten
1109 1992 1151 2052 mi

186 2036 397 2096 Bündigkeit
429 2031 597 2091 ausgelegt
629 2031 687 2091 und
724 2031 871 2091 bewiesen
909 2032 1051 2092 werden.
1104 2040 1156 2100 In

182 2079 235 2139 der
257 2079 399 2139 Vorrede
426 2079 516 2139 giebt
538 2080 596 2140 uns
633 2082 680 2142 der
713 2082 871 2142 Verfaßer
904 2082 967 2142 eine
989 2084 1078 2144 kurze
1100 2085 1169 2145 Ge¬

181 2127 301 2187 schichte
324 2130 416 2190 seines
444 2130 586 2190 Werks,
609 2133 739 2193 woraus
767 2133 832 2193 man
867 2133 1008 2193 ersiehet,
1036 2131 1085 2191 daß
1118 2133 1161 2193 die

187 2178 311 2238 Anlage
334 2181 492 2241 eigentlich
521 2183 571 2243 zum
617 2181 730 2241 Besten
759 2183 866 2243 solcher
889 2180 1030 2240 Christen
1064 2182 1165 2242 einge¬

182 2229 293 2289 richtet
310 2229 453 2289 worden,
480 2231 591 2291 welche
612 2229 755 2289 Zuhörer
777 2231 856 2291 sind,
883 2231 920 2291 um
957 2229 1153 2289 Candidaten

185 2279 237 2339 des
264 2279 343 2339 heil.
364 2279 549 2339 Ministerii
566 2279 597 2339 zu
624 2279 772 2339 werden,
799 2279 857 2339 und
889 2276 942 2336 bey
969 2276 1063 2336 denen
1091 2279 1153 2339 man

183 2330 299 2390 füglich
333 2327 377 2387 die
416 2329 587 2389 Elemente
616 2326 665 2386 der
705 2327 887 2387 Wolfischen
921 2321 1164 2381 Weltweisheit

179 2378 395 2438 voraussetzen
428 2377 528 2437 kann.
581 2372 676 2432 Weil
692 2378 839 2438 Demuth
872 2374 929 2434 und
956 2372 1157 2432 Sanftmuth

181 2422 273 2482 unter
303 2425 349 2485 die
384 2426 471 2486 ersten
512 2423 663 2483 Pflichten
699 2423 751 2483 des
780 2426 1047 2486 Christenthums
1077 2420 1152 2480 gehö

179 2470 263 2530 ren;
292 2473 314 2533 so
343 2472 507 2532 übergiebt
531 2472 582 2532 der
605 2470 689 2530 Herr
713 2470 838 2530 Doktor
872 2473 951 2533 seine
981 2470 1173 2530 philoso¬

178 2518 646 2578 phisch=theologische
675 2521 979 2581 Vorlesungen
1015 2516 1090 2576 über
1120 2513 1166 2573 die

187 2566 354 2626 christliche
382 2566 593 2626 Sittenlehre
621 2566 669 2626 dem
714 2569 849 2629 Publico
877 2572 935 2632 mit
952 2569 1033 2629 einem
1072 2566 1169 2626 zurei¬

180 2617 305 2677 chenden
338 2614 496 2674 Grunde,
519 2614 567 2674 der
590 2614 671 2674 jeden
710 2617 928 2677 Kunstrichter
956 2619 1026 2679 eben
1054 2617 1075 2677 so
1098 2614 1163 2674 sehr

187 2666 231 2726 für
255 2664 305 2724 die
317 2660 583 2720 Bescheidenheit
600 2661 645 2721 als
668 2661 719 2721 für
742 2663 786 2723 die
810 2667 996 2727 Verdienste
1019 2661 1064 2721 des
1087 2661 1166 2721 Ver=
1195 2661 1223 2721 er
1252 2666 1308 2726 und
1331 2670 1472 2730 Waßer,
1495 2673 1630 2733 Schrift
1654 2670 1710 2730 und
1733 2670 1914 2730 Vernunft,
1931 2664 2010 2724 Licht
2033 2666 2089 2726 und
2107 2666 2180 2726 Fin¬

189 2712 298 2772 faßers
329 2709 516 2769 einnehmen
559 2709 652 2769 muß.

759 2709 859 2769 Wenn
905 2718 978 2778 aber
1006 2715 1034 2775 in
1068 2709 1163 2769 dieser

187 2760 614 2820 "Unvollkommenheit",
635 2760 703 2820 sagt
731 2761 778 2821 der
813 2767 968 2827 Beschluß
1003 2766 1050 2826 der
1078 2761 1151 2821 Vor

1202 1372 1298 1432 rede,
1321 1369 1411 1429 "doch
1440 1371 1535 1431 nichts
1564 1372 1812 1432 vollkommenes
1836 1369 1863 1429 zu
1892 1369 2067 1429 erwarten,
2090 1372 2168 1432 mein

1229 1416 1336 1476 Zweck
1358 1416 1422 1476 auch
1450 1416 1535 1476 nicht
1552 1416 1589 1476 ist
1611 1416 1654 1476 die
1676 1416 1815 1476 gelehrte
1843 1416 1929 1476 Welt
1951 1416 2010 1476 und
2037 1417 2085 1477 die
2107 1416 2166 1476 Kiw

1202 1455 1273 1515 "che
1301 1464 1428 1524 Christi
1450 1464 1511 1524 mit
1533 1464 1621 1524 einem
1666 1464 1964 1524 ohnentbehrlichen
2003 1464 2113 1524 Buche
2147 1467 2174 1527 zu

1201 1512 1429 1572 "beschenken:
1457 1514 1483 1574 so
1511 1512 1587 1572 habe
1609 1512 1647 1572 ich
1669 1512 1804 1572 dennoch
1827 1510 1903 1570 das,
1914 1510 1979 1570 was
2001 1511 2039 1571 ich
2067 1510 2093 1570 zu
2121 1512 2185 1572 Pa¬

1202 1553 1284 1613 "pier
1307 1563 1474 1623 gebracht,
1497 1563 1546 1623 dem
1592 1563 1697 1623 Druck
1720 1561 1831 1621 hiemit
1854 1557 2016 1617 überlaßen
2044 1560 2183 1620 wollen;

1200 1612 1364 1672 „zumalen
1388 1613 1427 1673 ich
1456 1613 1587 1673 dadurch
1610 1613 1827 1673 Gelegenheit
1844 1610 1872 1670 zu
1902 1609 2067 1669 gewinnen
2096 1608 2175 1668 hoffe

1199 1654 1271 1714 "zur
1305 1664 1517 1724 anhaltenden
1551 1663 1785 1723 Ausbeßerung
1830 1661 1953 1721 meiner
1976 1658 2093 1718 Arbeit
2121 1658 2182 1718 mir

1203 1702 1272 1762 "die
1295 1715 1440 1775 Urtheile
1464 1715 1551 1775 derer
1580 1713 1609 1773 zu
1633 1715 1737 1775 Nutze
1755 1712 1784 1772 zu
1813 1709 1964 1769 machen,
1988 1707 2080 1767 denen
2110 1709 2184 1769 diese

1202 1760 1357 1820 „Blätter
1380 1763 1407 1823 in
1436 1763 1485 1823 die
1508 1763 1624 1823 Hände
1647 1763 1785 1823 kommen
1814 1757 1980 1817 werden."
2037 1757 2186 1817 Gesetzt,

1208 1808 1259 1868 daß
1289 1808 1346 1868 wir
1375 1808 1485 1868 unsern
1515 1811 1619 1871 Lesern
1648 1811 1740 1871 mehr
1764 1808 1862 1868 Muth
1898 1807 1955 1867 und
1990 1808 2106 1868 Muße
2135 1805 2181 1865 als

1201 1852 1250 1912 dem
1301 1853 1507 1913 Landpfleger
1533 1856 1648 1916 Felix
1679 1855 1824 1915 zutrauen
1860 1852 2020 1912 könnten,
2046 1852 2101 1912 von
2131 1852 2181 1912 der

1201 1897 1463 1957 Gerechtigkeit,
1500 1900 1561 1960 von
1599 1903 1649 1963 der
1691 1900 1882 1960 Keuschheit
1918 1900 1979 1960 und
2027 1899 2083 1959 dem
2135 1903 2186 1963 zu¬

1192 1946 1354 2006 künftigen
1382 1944 1528 2004 Gerichte
1545 1946 1626 2006 reden
1654 1949 1686 2009 zu
1708 1948 1833 2008 höͤren:
1844 1948 1871 2008 so
1894 1945 1926 2005 ist
1942 1945 1969 2005 es
1997 1948 2056 2008 uns
2073 1948 2181 2008 gleich¬

1203 1991 1264 2051 wol
1285 1991 1362 2051 nicht
1394 1990 1522 2050 möglich
1553 1993 1594 2053 ein
1620 1994 1846 2054 Lehrgebäude
1867 1993 1898 2053 zu
1924 1993 2104 2053 entfalten,
2120 1996 2176 2056 das

1194 2038 1249 2098 aus
1272 2038 1354 2098 1926
1384 2035 1433 2095 §§.
1450 2034 1583 2094 besteht,
1606 2037 1656 2097 sich
1679 2037 1728 2097 auf
1751 2037 1912 2097 Schlüße,
1935 2037 1995 2097 und
2019 2040 2184 2100 Sprüche,

1201 2088 1259 2148 und
1286 2082 1465 2142 vornemlich
1503 2079 1561 2139 auf
1588 2080 1672 2140 einen
1710 2081 1990 2141 Zusammnehang
2023 2085 2181 2145 gründet,

1200 2134 1251 2194 der
1275 2131 1350 2191 desto
1374 2127 1507 2187 strenger
1531 2128 1559 2188 zu
1589 2130 1653 2190 seyn
1682 2130 1804 2190 pflegt,
1828 2127 1856 2187 je
1880 2130 2129 2190 willkührlicher
2153 2131 2181 2191 er

1197 2184 1248 2244 ist.
1295 2180 1340 2240 Um
1394 2175 1439 2235 die
1463 2179 1700 2239 Gerechtigkeit
1724 2181 1810 2241 eines
1839 2178 2175 2238 Zeitungsschreibers

1199 2229 1263 2289 doch
1291 2226 1410 2286 einiger
1432 2226 1557 2286 maaßen
1584 2230 1616 2290 zu
1644 2230 1795 2290 erfüllen,
1818 2229 1926 2289 würde
1948 2229 2007 2289 uns
2035 2231 2100 2291 eine
2122 2231 2181 2291 Un¬

1202 2275 1405 2335 biegsamkeit
1423 2274 1473 2334 der
1502 2279 1744 2339 Denkungsart
1767 2281 1795 2341 am
1836 2279 2005 2339 wenigsten
2033 2282 2185 2342 hindern,

1199 2324 1282 2384 einem
1327 2321 1376 2381 der
1405 2324 1526 2384 grösten
1560 2330 1676 2390 Lehrer
1705 2330 1827 2390 unserer
1861 2330 1971 2390 Kirche
1994 2330 2055 2390 und
2077 2330 2171 2390 hohen

1197 2371 1321 2431 Schule
1345 2370 1392 2430 die
1411 2375 1546 2435 Riemen
1576 2378 1676 2438 seiner
1695 2381 1830 2441 Schuhe
1855 2379 2049 2439 aufzulösen.
2097 2378 2179 2438 Wir

1193 2420 1299 2480 wollen
1336 2419 1395 2479 uns
1425 2426 1615 2486 unterdeßen
1651 2429 1710 2489 mit
1740 2430 1859 2490 einigen
1889 2426 2050 2486 Einfällen
2080 2429 2180 2489 behel¬

1194 2465 1263 2525 fen,
1286 2467 1372 2527 ohne
1390 2470 1453 2530 uns
1477 2476 1511 2536 um
1552 2476 1603 2536 das
1627 2478 1795 2538 Beywort
1813 2476 1841 2536 zu
1865 2473 2095 2533 bekümmern,
2119 2473 2182 2533 wo¬

1194 2515 1250 2575 mit
1276 2518 1345 2578 man
1378 2520 1446 2580 ihre
1472 2527 1807 2587 Wohlbedächtigkeit
1839 2524 1908 2584 oder
1934 2520 2091 2580 Freyheit
2111 2524 2180 2584 um¬

1195 2566 1345 2626 schreiben
1371 2571 1464 2631 wird.
1490 2570 1502 2630 —
1572 2575 1646 2635 Der
1672 2575 1798 2635 Glaube
1823 2574 1854 2634 an
1880 2571 1980 2631 Einen
2005 2569 2093 2629 Gott
2112 2572 2168 2632 und

1201 2616 1295 2676 Einen
1327 2621 1483 2681 Mann"
1509 2623 1627 2683 scheint
1647 2626 1691 2686 den
1717 2621 1910 2681 Unterscheid
1936 2620 2074 2680 zwischen
2100 2620 2180 2680 Feu=

1203 2715 1329 2775 sternis,
1355 2719 1468 2779 Natur
1488 2724 1544 2784 und
1570 2722 1684 2782 Gnade
1710 2718 1792 2778 nicht
1806 2715 2020 2775 aufzuheben,
2046 2712 2172 2772 sondern

1206 2766 1357 2826 vielmehr
1392 2771 1453 2831 alle
1481 2772 1728 2832 Erscheinungen
1763 2769 1797 2829 so
1832 2766 1921 2826 wohl
1942 2763 1996 2823 des
2032 2759 2182 2819 Wieder¬

2031 2808 2183 2868 spruchs,

1243 2868 1489 2928 Apostelgesch.
1504 2867 1608 2927 XVII.
1616 2870 1679 2930 31.
