2479 3508
1218 347 1303 407 Erst=

295 351 344 411 ter
366 354 401 414 am
445 352 537 412 24ten
566 348 665 408 Febr.
688 348 830 408 zerrissen
866 350 930 410 und
966 348 1165 408 verbrannt,

285 401 380 461 lich,
411 398 517 458 Brief
548 394 639 454 eines
675 393 822 453 Doctors
858 395 908 455 der
944 395 1136 455 Sorbonne
1167 395 1202 455 an
1238 394 1293 454 den

300 448 407 508 Herrn
435 442 574 502 Bischof
591 437 645 497 von
672 434 715 494 **
748 441 844 501 datirt
872 446 979 506 unterm
1018 446 1055 506 28
1088 443 1174 503 Dec.
1191 443 1298 503 1763.

300 494 360 554 und
394 491 515 551 wenige
549 488 810 548 Duodezblätter
838 494 982 554 beträgt.
1038 491 1242 551 Zweytens:
1271 489 1303 549 Il

301 539 347 599 est
367 538 468 598 temps
488 536 520 596 de
549 539 674 599 parler,
698 538 735 598 ou
768 540 908 600 Compte
931 539 1024 599 rendu
1048 539 1080 599 au
1109 539 1220 599 Public
1244 535 1294 595 des

301 586 406 646 pieces
432 586 578 646 illegales
604 585 635 645 de
660 583 736 643 Me.
756 586 873 646 Ripert
893 586 923 646 de
949 586 1101 646 Monclar
1121 586 1152 646 et
1167 586 1202 646 de
1223 585 1298 645 tous

302 633 344 693 les
369 632 560 692 evenemens
579 632 698 692 arrivés
718 632 746 692 en
775 634 933 694 Provence
957 635 966 695 à
991 634 1153 694 l'occasiou
1172 634 1205 694 de
1225 630 1296 690 l'af-

303 681 382 741 faire
409 681 457 741 des
479 682 627 742 Jesuites,
649 681 664 741 à
691 682 813 742 Anvers
845 682 956 742 1763.
994 682 1009 742 2
1042 682 1301 742 Duodezbände.

299 730 485 790 Drittens:
511 732 601 792 Tout
622 730 646 790 se
667 730 752 790 dira,
778 730 814 790 ou
839 730 960 790 l'esprit
981 730 1031 790 des
1046 727 1233 787 Magistrats
1248 728 1298 788 de-

303 778 499 838 structeurs,
525 778 651 838 analysé
677 777 752 837 dans
773 778 798 838 la
829 778 985 838 demande
1006 780 1035 840 en
1061 778 1162 838 profit
1183 778 1212 838 de
1243 776 1298 836 de-

304 824 375 884 faut
395 825 428 885 de
453 825 524 885 Me.
544 825 578 885 de
602 825 765 885 Goullon,
790 822 1151 882 Procureur-General
1171 826 1204 886 du
1228 823 1300 883 Par-

303 873 426 933 lement
448 871 478 931 de
505 870 608 930 Metz.
655 873 841 933 Amsterdam
878 876 981 936 1763.
1008 877 1064 937 S.
1080 876 1167 936 406.
1189 876 1209 936 in
1240 876 1302 936 12.

312 921 387 981 Das
414 918 495 978 letzte
512 920 582 980 haͤlt
604 915 637 975 56
670 921 870 981 Quartseiten
897 924 989 984 unter
1012 924 1059 984 dem
1098 922 1206 982 Titel:
1223 920 1303 980 Exa¬

308 969 376 1029 men
404 969 435 1029 du
456 967 668 1027 Mandement
685 969 748 1029 (des
775 971 929 1031 Bischofs
956 969 1008 1029 von
1035 972 1215 1032 Soissons)
1231 967 1305 1027 por-

306 1016 378 1076 tant
406 1016 656 1076 condamnation
688 1016 742 1076 des
766 1016 847 1076 trois
866 1017 983 1077 parties
1007 1016 1038 1076 de
1061 1016 1229 1076 l'Histoire
1257 1014 1293 1074 du

303 1064 421 1124 Pcuple
448 1064 478 1124 de
505 1064 582 1124 Dieu
608 1064 665 1124 par
686 1064 711 1124 le
727 1062 763 1122 F.
779 1064 950 1124 Berruyer,
971 1064 1079 1124 donné
1116 1066 1126 1126 à
1152 1062 1240 1122 Lyon
1271 1059 1297 1119 le

311 1115 347 1175 24
373 1115 450 1175 Dec.
467 1113 575 1173 1762.
622 1113 777 1173 Nachdem
819 1110 870 1170 das
897 1112 1031 1172 Gericht
1057 1112 1109 1172 des
1135 1112 1295 1172 Chatelets

317 1160 358 1220 den
392 1160 495 1220 Appel
509 1160 518 1220 à
542 1160 565 1220 la
593 1157 692 1217 raison
720 1157 917 1217 verbrennen
936 1160 1048 1220 lassen,
1072 1157 1132 1217 und
1152 1157 1198 1217 den
1227 1154 1306 1214 Pro=

316 1206 362 1266 ceß
388 1207 475 1267 gegen
507 1204 557 1264 den
589 1202 650 1262 Abt
671 1201 727 1261 von
754 1202 929 1262 Caveirac,
955 1204 1006 1264 der
1022 1201 1125 1261 jüngst
1146 1201 1191 1261 die
1213 1198 1305 1258 Bos¬

314 1253 383 1313 heit
404 1255 520 1315 gehabt
542 1252 605 1312 auch
638 1251 701 1311 eine
723 1249 886 1309 Apologie
908 1249 939 1309 du
967 1249 1115 1309 massaire
1142 1246 1173 1306 de
1200 1246 1226 1306 la
1253 1246 1306 1306 St.

315 1303 519 1363 Barthelemy
542 1303 824 1363 herauszugeben,
852 1300 1023 1360 fortgesetzt
1040 1300 1112 1360 hat;
1140 1300 1167 1360 so
1184 1298 1222 1358 ist
1245 1296 1305 1356 der¬

319 1353 395 1413 selbe
413 1351 462 1411 als
491 1350 651 1410 Verfasser
685 1351 789 1411 wegen
824 1351 1051 1411 unterlassener
1084 1351 1295 1411 Erscheinung

318 1403 366 1463 zum
410 1399 562 1459 Pranger
590 1399 801 1459 verurtheilt,
824 1401 883 1461 und
916 1401 970 1461 auf
998 1402 1209 1462 Zeitlebens,
1242 1398 1296 1458 sein

314 1449 558 1509 Buchdrucker,
579 1449 663 1509 Herr
690 1448 828 1508 Grange
850 1448 918 1508 aber
940 1450 998 1510 auf
1014 1454 1024 1514 5
1046 1449 1136 1509 Jahr
1163 1447 1210 1507 des
1232 1448 1305 1508 Lan¬

315 1494 369 1554 des
394 1495 561 1555 verwiesen
586 1494 734 1554 worden.
784 1494 857 1554 Dem
897 1497 1030 1557 Spruch
1060 1496 1109 1556 des
1134 1497 1301 1557 Chatelets

318 1550 344 1610 zu
371 1545 450 1605 folge
472 1545 509 1605 ist
530 1545 599 1605 auch
626 1544 678 1604 der
700 1542 864 1602 Notarius
891 1543 960 1603 Des
992 1545 1108 1605 Hayes
1135 1542 1161 1602 in
1194 1542 1299 1602 effigie

316 1590 375 1650 vor
396 1590 446 1650 der
471 1593 562 1653 Thür
588 1590 683 1650 seines
708 1590 829 1650 Hauses
850 1590 1050 1650 aufgehängt
1067 1587 1207 1647 worden,
1222 1587 1302 1647 nicht

312 1637 373 1697 vur
396 1634 497 1694 wegen
529 1634 625 1694 seiner
648 1633 807 1693 Bankrut
825 1631 878 1691 von
910 1628 1064 1688 ungefehr
1082 1628 1237 1688 3500000
1264 1626 1308 1686 Li=

318 1682 408 1742 vres,
433 1679 564 1739 sondern
595 1680 660 1740 auch
691 1678 762 1738 weil
782 1676 812 1736 er
838 1676 1009 1736 überführt
1025 1673 1171 1733 worden,
1197 1673 1302 1733 falsche

318 1730 556 1790 Instrumente
583 1727 641 1787 und
673 1727 847 1787 Contracte
880 1726 1102 1786 nachgemacht
1124 1724 1155 1784 zu
1193 1724 1309 1784 haben.

325 1777 389 1837 Die
412 1778 487 1838 neue
514 1778 720 1838 Commißion
742 1778 796 1838 zur
824 1773 1056 1833 Verbesserung
1089 1772 1143 1832 des
1176 1772 1310 1832 Finanz¬

317 1829 438 1889 wesens
467 1822 539 1882 wird
573 1825 639 1885 ihre
662 1825 778 1885 Arbeit
795 1823 862 1883 bald
885 1822 1068 1882 anfangen.
1113 1819 1207 1879 Ihre
1230 1819 1318 1879 Mit¬

322 1878 440 1938 glieder
466 1876 703 1936 versammleten
740 1871 785 1931 sich
817 1870 868 1930 den
905 1869 997 1929 23ten
1039 1870 1136 1930 Febr.
1163 1870 1214 1930 bey
1240 1870 1286 1930 dem

323 1921 427 1981 Herrn
458 1921 804 1981 Generalcontroleur,
830 1917 879 1977 der
900 1915 935 1975 sie
950 1919 1095 1979 Mittags
1111 1919 1311 1979 bewirthete.

322 1966 389 2026 Die
410 1966 533 2026 Herren
566 1965 715 2025 Perrotin
747 1965 798 2025 von
830 1966 995 2026 Balmont
1022 1969 1079 2029 und
1116 1969 1219 2029 Bizot
1245 1966 1307 2026 sind

320 2017 378 2077 von
410 2017 457 2077 der
490 2017 861 2077 Rechnungskammer;
888 2017 935 2077 die
956 2019 1030 2079 Hn.
1046 2019 1226 2079 Leschaßier
1248 2014 1306 2074 und

320 2064 450 2124 Dionis
471 2064 546 2124 ader
567 2064 622 2124 von
653 2067 708 2127 dem
754 2067 1183 2127 Steuerkammergerichte.
1229 2063 1304 2123 Den

325 2118 418 2178 24ten
447 2116 546 2176 Febr.
558 2115 663 2175 wurde
692 2118 774 2178 Herr
797 2118 935 2178 Prince,
958 2115 1074 2175 Maler
1097 2113 1147 2173 der
1164 2109 1307 2169 Kaiserin

327 2166 379 2226 von
406 2163 575 2223 Rußland,
597 2163 650 2223 von
677 2163 724 2223 der
751 2163 888 2223 Königl.
899 2166 1068 2226 Academie
1089 2164 1136 2224 der
1159 2159 1306 2219 Malerey

324 2211 383 2271 und
409 2210 690 2270 Bildhauerkunst
711 2209 801 2269 unter
822 2205 892 2265 ihre
917 2211 1108 2271 Mitglieder
1124 2208 1309 2268 aufgenom¬

322 2257 409 2317 men.
456 2252 534 2312 Den
571 2255 664 2315 14ten
695 2252 793 2312 Febr.
815 2252 871 2312 hat
898 2256 964 2316 man
1002 2258 1027 2318 zu
1054 2259 1157 2319 Brest
1178 2258 1240 2318 mit
1261 2255 1307 2315 der

325 2303 494 2363 Maschine
512 2301 564 2361 des
594 2300 699 2360 Herrn
735 2300 945 2360 Poissonnier
981 2309 1062 2369 einen
1097 2307 1232 2367 Versuch
1262 2306 1313 2366 ge¬

324 2354 422 2414 macht
450 2350 504 2410 das
532 2348 745 2408 Meerwasser
767 2348 794 2408 zu
828 2351 1008 2411 entsaltzen.
1080 2354 1156 2414 Sie
1178 2354 1232 2414 hat
1249 2353 1303 2413 von

323 2403 340 2463 8
369 2402 432 2462 Uhr
456 2401 507 2461 des
537 2396 698 2456 Morgens
723 2396 774 2456 bis
798 2396 808 2456 6
838 2396 901 2456 Uhr
925 2397 971 2457 des
994 2405 1121 2465 Abends
1151 2402 1208 2462 310
1232 2404 1312 2464 Pin=

324 2450 373 2510 ten
393 2447 480 2507 sußes
506 2448 624 2508 Wasser
644 2444 769 2504 gegeben
795 2445 851 2505 und
870 2443 932 2503 125
958 2448 1021 2508 Pf.
1034 2452 1247 2512 Steinkohlen
1266 2450 1316 2510 ge=

324 2497 431 2557 kostet.
483 2494 562 2554 Das
591 2496 789 2556 Geheimnis
823 2492 873 2552 des
908 2496 1077 2556 gewesenen
1112 2500 1315 2560 Comödian¬

324 2545 366 2605 ten
399 2545 459 2605 und
481 2542 600 2602 jetzigen
633 2542 953 2602 Scheidekünstlers,
976 2548 1138 2608 Sicourt,
1160 2548 1241 2608 wird
1258 2548 1306 2608 für

324 2590 424 2650 Wind
451 2593 626 2653 gehalten;
653 2593 844 2653 unterdessen
871 2590 929 2650 hat
945 2590 998 2650 der
1020 2593 1104 2653 Herr
1131 2593 1183 2653 von
1216 2596 1311 2656 Choi=

328 2641 388 2701 seul
405 2640 455 2700 die
472 2640 666 2700 Höflichkeit
689 2641 805 2701 gehabt
828 2639 877 2699 ihm
922 2639 955 2699 zu
983 2642 1166 2702 schreiben,
1200 2642 1255 2702 daß
1278 2644 1305 2704 er

321 2691 385 2751 mit
402 2688 538 2748 nächsten
566 2688 734 2748 Frühjahr
756 2688 799 2748 ein
828 2685 1039 2745 Augenzeuge
1067 2688 1165 2748 seiner
1193 2689 1317 2749 Versu¬

323 2742 373 2802 che
391 2739 458 2799 seyn
487 2736 622 2796 würde;
645 2735 724 2795 weil
741 2736 837 2796 dieser
861 2736 1018 2796 Minister
1041 2737 1177 2797 Willens
1194 2739 1233 2799 ist
1251 2742 1307 2802 alle

323 2790 438 2850 Häven
466 2788 516 2848 des
538 2784 754 2844 Königreichs
776 2783 803 2843 zu
837 2783 1003 2843 besuchen.

559 2832 767 2892 London,
807 2831 856 2891 den
901 2831 936 2891 2.
966 2829 1065 2889 Merz

365 2883 449 2943 Der
476 2883 771 2943 Staatssecretair,
792 2876 881 2936 Graf
903 2879 955 2939 von
982 2881 1124 2941 Hallifax
1146 2881 1203 2941 hat
1225 2882 1303 2942 einen

1339 345 1464 405 Befehl
1487 348 1538 408 des
1561 351 1686 411 Königs
1716 353 1849 413 bekannt
1872 353 1989 413 machen
2020 352 2138 412 lassen,
2168 354 2315 414 vermöge

1335 395 1430 455 dessen
1459 395 1521 455 eine
1544 398 1748 458 Belohnung
1771 401 1827 461 von
1856 401 1912 461 100
1947 401 2008 461 Pf.
2032 401 2150 461 Sterl,
2173 404 2326 464 demjeni¬

1332 446 1389 506 gen
1417 443 1617 503 versprochen
1644 448 1738 508 wird,
1765 452 1891 512 welcher
1913 449 1955 509 den
1982 449 2134 509 Matthes
2156 451 2298 511 Deloham

1336 488 1358 548 ty
1392 491 1558 551 gerichtlich
1592 494 1753 554 einliefern
1782 499 1876 559 wird,
1904 500 2032 560 welcher
2055 500 2104 560 der
2121 497 2327 557 Rädelsfüh¬

1330 539 1382 599 rer
1404 539 1488 599 eines
1515 539 1667 599 Tumults
1699 547 1863 607 gewesen,
1895 548 1921 608 in
1953 548 2000 608 dem
2043 548 2090 608 der
2117 548 2243 608 Pallast
2265 548 2311 608 des

1330 586 1548 646 Abgesandten
1581 586 1635 646 von
1663 589 1814 649 Marocco
1843 595 1891 655 den
1930 595 2022 655 15ten
2061 595 2158 655 Febr.
2176 595 2316 655 beynahe

1332 636 1362 696 zu
1389 634 1528 694 Grunde
1555 634 1705 694 gerichtet
1721 640 1865 700 worden.
1918 642 1990 702 Der
2006 646 2120 706 Baron
2141 643 2193 703 von
2219 645 2327 705 Groß,

1333 682 1640 742 außerordentlicher
1667 684 1884 744 Abgesandter
1905 691 1952 751 der
1979 694 2122 754 Kaiserin
2149 694 2206 754 von
2233 693 2323 753 Ruß¬

1333 730 1407 790 land
1434 730 1539 790 langte
1561 730 1608 790 den
1640 730 1730 790 27ten
1757 733 1856 793 Febr.
1873 736 1936 796 hier
1958 739 2015 799 an,
2042 742 2100 802 und
2127 742 2179 802 hat
2201 743 2317 803 bereits

1341 780 1417 840 seine
1439 778 1509 838 erste
1536 778 1677 838 Audienz
1699 778 1769 838 beym
1807 781 1931 841 Könige
1948 785 2078 845 gehabt.
2122 789 2202 849 Den
2225 789 2311 849 25ten

1337 828 1446 888 wurde
1470 826 1527 886 auf
1545 825 1667 885 Befehl
1691 825 1736 885 des
1766 828 1979 888 Parlaments
2010 830 2049 890 ein
2079 837 2252 897 Exemplar
2270 840 2316 900 des

1337 878 1619 938 Königlichen
1656 874 1806 934 Rechts
1843 876 1872 936 zu
1909 876 2137 936 Westmünster
2168 886 2258 946 unter
2283 886 2324 946 ei¬

1336 922 1392 982 nem
1427 924 1534 984 großen
1568 924 1686 984 Zulauf
1704 921 1754 981 des
1772 924 1901 984 Volcks,
1919 924 2003 984 ohne
2015 924 2059 984 die
2077 930 2223 990 geringste
2241 933 2325 993 Hin¬

1337 970 1469 1030 derniß,
1492 973 1686 1033 verbrannt.
1737 972 1797 1032 Ein
1832 972 1965 1032 gleiches
1999 972 2121 1032 geschah
2149 976 2193 1036 den
2227 981 2315 1041 27ten

1339 1017 1394 1077 auf
1417 1016 1544 1076 Befehl
1561 1019 1610 1079 der
1633 1019 1727 1079 Lords
1761 1019 1810 1079 vor
1844 1018 1894 1078 der
1922 1016 2049 1076 Börse,
2077 1019 2154 1079 ohne
2183 1023 2237 1083 daß
2271 1028 2315 1088 ein

1339 1061 1435 1121 Hahn
1464 1067 1588 1127 krahte.
1640 1067 1724 1127 Man
1753 1067 1883 1127 glaubt,
1906 1066 1956 1126 daß
1985 1064 2035 1124 der
2053 1066 2211 1126 Verfasser
2223 1072 2319 1132 dieses

1342 1109 1447 1169 Buchs
1473 1112 1498 1172 zu
1524 1112 1610 1172 einer
1631 1112 1777 1172 schweren
1803 1114 2081 1174 Verantwortung
2108 1115 2229 1175 gezogen
2255 1121 2325 1181 wer¬

1340 1157 1394 1217 den
1419 1159 1516 1219 wird,
1541 1159 1614 1219 weil
1630 1159 1654 1219 er
1679 1160 1727 1220 die
1743 1163 1938 1223 Grundsätze
1959 1163 2041 1223 einer
2062 1163 2149 1223 Lehre
2170 1164 2326 1224 vorträgt,

1344 1202 1388 1262 die
1411 1204 1460 1264 dem
1499 1204 1588 1264 engl.
1611 1204 1704 1264 Volke
1733 1207 1793 1267 sehr
1821 1210 1954 1270 verhaßt
1977 1211 2010 1271 ist
2027 1210 2110 1270 unter
2133 1210 2204 1270 Carl
2227 1210 2271 1270 dem
2305 1213 2332 1273 I.

1342 1250 1482 1310 aufkam,
1510 1252 1569 1312 und
1597 1252 1645 1312 der
1673 1256 1862 1316 Regierung
1890 1257 1970 1317 Carl
1987 1258 2031 1318 II.
2047 1258 2106 1318 und
2134 1258 2258 1318 Jacobs
2286 1259 2328 1319 II.

1337 1303 1358 1363 so
1386 1303 1570 1363 nachtheilig
1593 1303 1750 1363 gewesen,
1778 1305 1826 1365 daß
1849 1305 1919 1365 man
1947 1306 2017 1366 ihre
2034 1306 2252 1366 Anwendung
2269 1309 2322 1369 auf

1344 1349 1393 1409 dem
1427 1354 1531 1414 milden
1560 1354 1659 1414 Thron
1687 1354 1769 1414 eines
1792 1354 1896 1414 Georg
1919 1355 1974 1415 III.
1985 1357 2062 1417 nicht
2079 1357 2200 1417 absehen
2229 1357 2322 1417 kann.

1337 1402 1412 1462 Der
1435 1404 1553 1464 Proceß
1587 1406 1629 1466 des
1651 1406 1748 1466 Herrn
1776 1407 1992 1467 Beardmore,
2020 1407 2144 1467 welcher
2166 1407 2322 1467 Verfasser

1342 1452 1391 1512 des
1425 1452 1602 1512 Monitors
1625 1454 1686 1514 ist,
1714 1457 1802 1517 gegen
1841 1458 1891 1518 den
1930 1458 2058 1518 Grafen
2091 1458 2146 1518 von
2180 1457 2323 1517 Hallifar

1343 1500 1399 1560 und
1423 1500 1473 1560 die
1496 1502 1744 1562 Staatsboten,
1768 1505 1881 1565 welche
1904 1506 1949 1566 ihn
1983 1506 2062 1566 samt
2080 1506 2175 1566 seinen
2204 1507 2328 1567 Papie¬

1338 1545 1385 1605 ren
1418 1547 1438 1607 in
1471 1548 1614 1608 Verhaft
1636 1550 1843 1610 genommen,
1865 1554 1944 1614 fieng
1971 1554 2023 1614 den
2050 1556 2087 1616 29
2120 1554 2279 1614 Februar.
2295 1555 2321 1615 zu

1341 1592 1520 1652 Guildhall
1548 1593 1611 1653 an;
1649 1596 1845 1656 unterdessen
1883 1599 2051 1659 verglichen
2089 1602 2137 1662 sich
2169 1602 2216 1662 die
2243 1602 2338 1662 Par¬

1341 1630 1428 1690 teyen
1456 1632 1544 1692 bald,
1558 1634 1605 1694 die
1626 1639 1855 1699 Entscheidung
1883 1641 1937 1701 bis
1965 1646 2018 1706 auf
2046 1646 2100 1706 den
2127 1646 2194 1706 4ten
2236 1648 2316 1708 May

1344 1679 1602 1739 aufzuschieben.

1648 1805 2031 1865 AVERTISSEMENT.

1396 1860 1487 1920 Beym
1526 1868 1676 1928 Verleger
1699 1867 1796 1927 dieser
1818 1870 1947 1930 Zeitung
1975 1869 2007 1929 ist
2024 1867 2051 1927 zu
2073 1867 2197 1927 haben:
2208 1870 2327 1930 Lettere

1350 1912 1453 1972 Scritte
1483 1915 1507 1975 al
1527 1916 1669 1976 Principe
1690 1917 1772 1977 reale
1793 1918 1822 1978 di
1842 1918 1944 1978 Svezia
1969 1917 2018 1977 dal
2034 1915 2136 1975 Conte
2161 1915 2195 1975 di
2211 1916 2333 1976 Tessin,

1347 1962 1429 2022 trad.
1445 1963 1522 2023 dallo
1549 1963 1687 2023 Svezzese
1714 1963 1801 2023 Part.
1812 1966 1853 2026 II.
1869 1966 1972 2026 Tom.
1988 1966 2044 2026 VI.
2066 1968 2080 2028 8
2107 1966 2225 2026 magg.
2242 1963 2334 2023 Bern.

1349 2014 1360 2074 8
1387 2011 1419 2071 fl.
1469 2011 1539 2071 The
1561 2011 1631 2071 Life
1670 2011 1707 2071 of
1741 2012 1811 2072 Mr.
1845 2014 2007 2074 Jonathan
2035 2014 2116 2074 Wild
2149 2014 2203 2074 the
2236 2014 2328 2074 great

1351 2056 1388 2116 by
1421 2055 1528 2115 Henry
1550 2058 1717 2118 Fielding,
1750 2059 1804 2119 gr.
1826 2061 1885 2121 12,
1918 2063 2025 2123 Lond.
2047 2064 2063 2124 7
2090 2064 2122 2124 fl.
2171 2061 2241 2121 Die
2263 2061 2333 2121 ver=

1347 2106 1501 2166 nünftige
1523 2103 1773 2163 Tadlerinnen,
1806 2104 1821 2164 2
1849 2108 1987 2168 Theile,
2014 2112 2061 2172 8,
2078 2112 2211 2172 Hamb.
2238 2112 2275 2172 12
2307 2114 2339 2174 fl.

1351 2154 1535 2214 Unterricht
1562 2151 1616 2211 von
1649 2151 1897 2211 Bevestigung,
1919 2154 2043 2214 Angrif
2065 2160 2119 2220 und
2146 2163 2335 2223 Vertheidi¬

1348 2205 1430 2265 gung
1464 2199 1624 2259 wichtiger
1646 2199 1757 2259 Posten
1796 2199 1818 2259 im
1862 2200 1978 2260 Felde,
2007 2205 2067 2265 und
2090 2205 2150 2265 wie
2179 2208 2222 2268 sich
2250 2208 2327 2268 jeder

1355 2252 1478 2312 Officier
1506 2249 1598 2309 dabey
1626 2249 1652 2309 zu
1680 2249 1836 2309 verhalten
1870 2249 1940 2309 hat,
1967 2252 2027 2312 mit
2044 2252 2151 2312 Kupf.
2163 2255 2200 2315 8,
2217 2255 2336 2315 Bresl.

1355 2303 1438 2363 763,
1451 2302 1462 2362 2
1487 2299 1522 2359 fl.
1535 2297 1546 2357 9
1576 2297 1629 2357 gr.

1361 2402 1681 2462 Wechsel-Cours
1703 2399 1709 2459 &
1764 2405 1907 2465 Species
1928 2402 1962 2462 d.
1976 2402 2044 2462 22.
2065 2402 2187 2462 Mart.
2202 2407 2303 2467 1764

1903 2452 1943 2512 11
1957 2452 2044 2512 Tage
2066 2455 2126 2515 378
2154 2458 2207 2518 gr.

1349 2456 1532 2516 Amsterdam
1564 2452 1602 2512 41
1622 2452 1703 2512 Tage
1723 2458 1855 2518 380gr.

1913 2500 1924 2560 6
1956 2500 2011 2560 W.
2030 2503 2091 2563 162
2110 2508 2158 2568 gr.

1350 2506 1519 2566 Hamburg
1554 2500 1559 2560 3
1581 2501 1627 2561 W.
1642 2506 1695 2566 163
1723 2508 1763 2568 g.

1348 2552 1457 2612 Berlin

1810 2551 1960 2611 Dantzig

1351 2600 1485 2660 Ducaten
1518 2596 1594 2656 neue
1614 2596 1652 2656 11
1678 2600 1709 2660 fl.
1723 2605 1825 2665 14gr.

1886 2600 2014 2660 Alberts
2038 2602 2137 2662 Taler
2161 2605 2289 2665 170gr.

1352 2649 1462 2709 Rubel
1480 2646 1491 2706 4
1515 2646 1548 2706 fl.
1561 2646 1671 2706 22gr.

1832 2647 1885 2707 Alt
1897 2649 2033 2709 Polnisch
2060 2654 2130 2714 Geld
2196 2653 2245 2713 pr.
2262 2650 2337 2710 Cto.

1350 2701 1464 2761 Alte,
1491 2710 1531 2770 35
1558 2709 1611 2769 pr.
1625 2710 1739 2770 Cento.

1831 2713 1991 2773 Märcksch
2017 2716 2090 2776 Geld
2116 2717 2214 2777 10pr.
2221 2710 2332 2770 Cento.

1352 2802 1446 2862 Diese
1467 2799 1600 2859 Gelehrte
1620 2803 1668 2863 und
1698 2806 1851 2866 Politische
1871 2811 1995 2871 Zeitung
2016 2809 2082 2869 wird
2112 2808 2159 2868 des
2179 2808 2322 2868 Montags

1451 2842 1508 2902 und
1538 2844 1678 2904 Freytags
1701 2847 1724 2907 in
1748 2847 1794 2907 dem
1830 2849 2022 2909 Kanterschen
2052 2847 2226 2907 Buchladen

1735 2888 1950 2948 ausgegeben.
