2479 3508
261 389 413 449 spruchs,
442 389 488 449 als
518 386 606 446 selbst
630 384 682 444 der
706 386 910 446 Feindschaft
928 386 957 446 zu
993 386 1156 446 befestigen
1204 386 1261 446 und

272 440 395 500 sinnlich
431 437 457 497 zu
488 434 631 494 machen.
658 429 703 489 --
761 433 848 493 Was
885 434 956 494 aber
977 434 1111 494 rühmen
1142 434 1188 494 sich
1214 434 1260 494 die

265 485 448 545 Theologen
482 481 531 541 der
554 479 715 539 Schrift,
738 482 799 542 und
828 482 894 542 was
922 482 1016 542 haben
1045 483 1083 543 sie
1106 485 1155 545 für
1178 482 1250 542 Vor

264 534 364 594 theils
391 530 517 590 hierinn
554 530 607 590 vor
639 528 692 588 den
729 533 871 593 Juden,
893 533 988 593 denen
1020 532 1088 592 auch
1120 530 1177 590 das
1210 530 1267 590 an=
1300 529 1379 589 weil
1400 527 1447 587 bey
1479 527 1553 587 aller
1580 530 1738 590 Artigkeit
1754 532 1806 592 des
1839 533 2071 593 Wohlstandes
2103 533 2171 593 noch
2203 533 2298 593 lange

264 580 430 640 vertrauet
461 578 549 638 war,
576 578 642 638 was
674 578 762 638 Gott
788 580 912 640 geredet
939 580 1027 640 hat?
1064 580 1110 640 An
1147 578 1245 638 diesem

274 628 442 688 Schlüßel
465 626 511 686 der
528 628 728 688 Erkänntniß
755 628 849 688 fehlte
872 625 903 685 es
930 625 976 685 den
1009 628 1162 688 bittersten
1183 625 1256 685 Wie

264 676 440 736 dersachern
478 675 605 735 Christi
632 676 744 736 nicht,
782 676 840 736 und
873 676 1011 736 Paulus
1038 675 1128 735 giebt
1156 676 1256 736 seinen

277 727 504 787 Landesleuten
531 724 572 784 ein
599 724 688 784 gutes
716 724 858 784 Zeugniß
885 721 969 781 ihres
996 724 1101 784 Eifers
1123 724 1170 784 für
1191 724 1270 784 Got¬

272 772 320 832 tes
354 773 440 833 Ehre
462 775 515 835 und
543 772 597 832 für
620 771 673 831 das
701 769 814 829 Gesetz
836 771 884 831 der
912 769 1161 829 Gerechtigkeit.
1211 774 1259 834 In

275 822 325 882 der
359 822 469 882 Kunst
503 819 803 879 schriftmäßig
843 819 876 879 zu
915 821 1032 881 denken
1066 819 1182 879 bleiben
1222 819 1265 879 die

272 871 447 931 Rabbinen
485 867 649 927 unstreitig
682 867 729 927 die
756 867 899 927 Meister
927 867 1054 927 unserer
1091 867 1272 927 Gottesge¬

278 918 424 978 lehrten;
458 915 528 975 aber
550 915 577 975 es
605 912 680 972 steht
697 914 882 974 geschrieben
915 915 969 975 und
997 915 1035 975 ist
1052 914 1176 974 erfüllt,
1188 914 1263 974 "daß

273 959 368 1019 „eben
402 960 497 1020 dieser
525 962 575 1022 ihr
610 963 693 1023 Tisch
727 963 817 1023 ihnen
851 963 906 1023 zum
952 963 1091 1023 Strick,
1115 965 1165 1025 zur
1188 963 1277 1023 Ver¬

274 1010 426 1070 „geltung
457 1010 518 1070 und
544 1010 574 1070 zu
605 1010 686 1070 einer
707 1010 793 1070 Falle
825 1010 941 1070 werden
978 1010 1095 1070 muste.
1110 998 1171 1058 ”*

279 1058 366 1118 Noch
398 1058 501 1118 eiteler
527 1058 563 1118 ist
579 1058 630 1118 der
651 1058 744 1118 Ruhm
786 1055 822 1115 an
848 1055 900 1115 der
921 1055 1106 1115 Vernunft,
1128 1058 1153 1118 je
1179 1058 1277 1118 weni¬

279 1108 332 1168 ger
364 1106 476 1166 unsere
498 1103 715 1163 Philosophen
753 1103 801 1163 sich
833 1100 1019 1160 befleißigen
1051 1102 1072 1162 in
1104 1103 1152 1163 den
1185 1100 1280 1160 Wer¬

277 1154 323 1214 ken
354 1154 416 1214 und
442 1153 638 1213 moralischen
670 1150 845 1210 Discursen
872 1148 923 1208 der
944 1148 1098 1208 Griechen
1130 1150 1187 1210 und
1208 1148 1274 1208 Rö=
1306 1145 1492 1205 Nochfolge
1518 1150 1631 1210 JEsu,
1652 1148 1703 1208 der
1730 1151 1817 1211 durch
1844 1151 1946 1211 Leiden
1983 1148 2148 1208 Gehorsam
2195 1151 2298 1211 lernte

279 1203 344 1263 mer
370 1201 420 1261 das
446 1201 547 1261 Recht
568 1198 618 1258 der
649 1198 760 1258 Natur
787 1196 1131 1256 auszukundschaften.
1182 1194 1268 1254 Man

283 1251 398 1311 würde
430 1249 461 1309 an
500 1249 552 1309 der
574 1246 832 1306 Unsterblichkeit
859 1245 917 1305 und
955 1243 1166 1303 Herrlichkeit
1188 1241 1282 1301 seiner

278 1300 453 1360 Vernunft
465 1300 579 1360 stärker
596 1297 755 1357 zweifeln,
783 1295 871 1355 wenn
899 1294 969 1354 man
992 1294 1035 1354 sich
1063 1294 1178 1354 jemals
1206 1294 1288 1354 erin¬

278 1351 383 1411 nerte,
400 1349 428 1409 in
456 1348 678 1408 academischen
700 1347 828 1407 Jahren
856 1346 944 1406 selbst
962 1348 1111 1408 gesungen
1139 1345 1205 1405 oder
1228 1344 1278 1404 sin¬

288 1399 337 1459 gen
360 1399 470 1459 gehöͤrt
487 1399 509 1459 zu
532 1399 659 1459 haben:
671 1397 863 1457 Ceciderunt
881 1396 902 1456 in
925 1398 1102 1458 profundum
1141 1396 1279 1456 summus

277 1445 484 1505 Aristoteles.
512 1445 522 1505 —
586 1443 687 1503 Ohne
709 1443 772 1503 uns
794 1443 846 1503 bey
874 1444 921 1504 dem
964 1446 1246 1506 Maltheserorden

280 1496 509 1556 aufzuhalten,
531 1491 585 1551 der
608 1491 656 1551 den
685 1491 930 1551 Freyherrn
958 1492 1028 1552 von
1062 1494 1187 1554 Wolff
1209 1490 1274 1550 bald

289 1544 345 1604 zum
387 1542 546 1602 Atheisten
582 1539 788 1599 verketzerte,
815 1539 881 1599 bald
912 1539 964 1599 zum
1011 1542 1211 1602 Orthodoxen
1242 1537 1288 1597 er¬

285 1587 398 1647 höhte,
420 1590 474 1650 hat
496 1587 545 1647 die
568 1587 670 1647 Mode
692 1584 812 1644 bereits
840 1583 920 1643 seine
943 1584 1035 1644 besten
1074 1584 1225 1644 Lehrsätze
1247 1584 1274 1644 in

280 1636 344 1696 alte
367 1634 549 1694 Schläuche
572 1631 791 1691 verwandelt,
819 1628 910 1688 gegen
947 1628 1056 1688 welche
1088 1627 1134 1687 die
1166 1625 1284 1685 evan¬

285 1728 383 1788 nunft
411 1727 471 1787 und
510 1724 553 1784 die
582 1721 751 1781 Hyperbel
773 1720 850 1780 aller
878 1718 1108 1778 Erkenntniß,
1136 1718 1191 1778 bey
1219 1718 1267 1778 dem

285 1778 398 1838 milden
453 1772 643 1832 Geschmack
682 1770 774 1830 ihres
823 1769 1008 1829 Altertums
1052 1768 1187 1828 niemals
1231 1766 1279 1826 die

287 1825 414 1885 Stärke
436 1822 488 1882 des
516 1822 610 1882 neuen
648 1818 775 1878 Mostes
803 1815 993 1875 verleugnen
1020 1814 1115 1874 wird.
1164 1815 1269 1875 Ueber

291 1873 394 1933 haupt
412 1871 446 1931 ist
476 1870 521 1930 die
540 1867 689 1927 Religion
719 1864 805 1924 durch
835 1861 881 1921 die
899 1864 1112 1924 Wechselbank
1136 1864 1187 1924 der
1205 1864 1285 1924 Ver=
1322 1867 1436 1927 ordnet
1449 1867 1506 1927 ist.

292 1921 392 1981 nunft
417 1918 507 1978 mehr
538 1912 704 1972 entweyht
735 1911 779 1971 als
816 1909 926 1969 erbaut
957 1912 1107 1972 worden,
1133 1915 1193 1975 und
1228 1914 1278 1974 der

290 1966 455 2026 Wucher,
479 1961 528 2021 den
567 1963 638 2023 man
672 1960 755 2020 durch
789 1960 972 2020 Umsetzung
1006 1963 1055 2023 der
1083 1963 1216 2023 Wörter
1239 1963 1288 2023 ge¬

290 2016 432 2076 trieben,
454 2014 511 2074 aus
538 2011 633 2071 denen
660 2011 840 2071 jedermann
878 2014 956 2074 ohne
983 2014 1067 2074 einen
1105 2014 1284 2074 Hocuspo¬

288 2067 344 2127 cus
430 2064 514 2124 nicht
543 2062 628 2122 mehr
651 2061 809 2121 Verstand
832 2063 933 2123 ziehen
968 2061 1075 2121 kann,
1099 2061 1143 2121 als
1172 2058 1200 2118 er
1229 2058 1273 2118 sich

284 2112 310 2172 im
353 2115 492 2175 Stande
513 2112 614 2172 findet
630 2110 832 2170 einzulegen,
843 2109 1013 2169 bereichert
1030 2111 1115 2171 zwar
1137 2108 1184 2168 die
1201 2106 1285 2166 Tau¬

290 2163 501 2223 benkrämer,
517 2163 591 2223 aber
613 2158 670 2218 auf
687 2157 797 2217 Kosten
825 2157 872 2217 des
899 2157 1052 2217 Geistes,
1074 2157 1206 2217 welcher
1233 2156 1285 2216 der

286 2208 401 2268 Herr
436 2208 487 2268 ist.
511 2203 528 2263 —
592 2203 678 2263 Auch
707 2202 764 2262 hat
794 2202 845 2262 der
869 2201 990 2261 Begrif
1019 2208 1071 2268 des
1094 2206 1273 2266 höchsten

296 2253 472 2313 Wesens
505 2246 550 2306 die
571 2246 774 2306 Weltweisen
801 2246 826 2306 in
853 2252 1049 2312 Irrthümer
1070 2255 1128 2315 und
1161 2253 1291 2313 Vorur¬

296 2303 393 2363 theile
413 2296 576 2356 verleitet,
596 2294 707 2354 welche
727 2291 753 2351 so
780 2293 890 2353 kräftig
917 2298 975 2358 und
1002 2303 1191 2363 verderblich
1218 2303 1275 2363 sind

293 2350 343 2410 als
370 2345 414 2405 die
440 2342 709 2402 Vorstellungen,
736 2342 786 2402 die
812 2342 863 2402 sich
889 2343 933 2403 die
967 2351 1075 2411 Juden
1102 2351 1190 2411 unter
1217 2348 1261 2408 dem

296 2398 400 2458 Bilde
420 2396 505 2456 eines
538 2390 740 2450 Monarchen
773 2387 825 2447 von
858 2390 910 2450 dem
957 2399 1093 2459 Meßiah
1120 2398 1283 2458 machten.

335 2441 389 2501 Jch
421 2445 463 2505 bin
494 2441 530 2501 ein
556 2437 659 2497 Wurm
709 2437 764 2497 und
795 2437 850 2497 kein
881 2443 1071 2503 Mensch:"
1108 2446 1187 2506 diese
1213 2446 1286 2506 Em=

292 2497 493 2557 pfindungen
519 2491 569 2551 des
595 2486 757 2546 gekrönten
784 2485 965 2545 Psalmisten
998 2494 1123 2554 scheinen
1155 2497 1199 2557 die
1225 2496 1268 2556 ein

297 2545 378 2605 zigen
412 2539 609 2599 Wegweiser
638 2539 671 2599 zu
706 2533 808 2593 seyn,
836 2533 869 2593 um
911 2536 958 2596 den
986 2542 1135 2602 gesuchten
1163 2543 1278 2603 Begri

294 2593 351 2653 von
387 2592 474 2652 einer
503 2589 666 2649 Majestät
695 2582 747 2642 der
771 2581 916 2641 Existenz
934 2582 963 2642 zu
993 2590 1167 2650 erreichen.
1214 2593 1288 2653 Die

286 2640 504 2700 Kennzeichen
536 2638 584 2698 der
609 2635 834 2695 Offenbarung
866 2632 962 2692 sollten
1000 2637 1097 2697 daher
1122 2641 1207 2701 nicht
1226 2641 1286 2701 mit

292 2688 345 2748 dem
389 2685 479 2745 Typo
504 2683 589 2743 eines
614 2682 874 2742 metaphysischen
905 2682 1123 2742 Oelgötzens,
1148 2688 1275 2748 sondern

294 2739 357 2799 mit
375 2736 427 2796 dem
474 2732 660 2792 kündlich
696 2731 841 2791 großen
877 2730 1167 2790 Geheimniße
1197 2736 1283 2796 eines

298 2788 451 2848 Fleisch
484 2781 689 2841 gewordenen
729 2782 901 2842 Wortes
934 2778 1100 2838 verglichen
1139 2784 1287 2844 werden,

461 2921 625 2981 Ephes.
638 2930 670 2990 V.
684 2930 716 2990 6.
764 2922 848 2982 1
875 2929 947 2989 Cor.
960 2928 1005 2988 II,
1019 2930 1077 2990 14.

1296 386 1358 446 und
1387 383 1455 443 eine
1478 386 1659 446 Erklärung
1688 389 1738 449 der
1762 389 1948 449 christlichen
1978 386 2187 446 Sittenlehre
2210 389 2294 449 nicht

1298 434 1350 494 die
1382 434 1587 494 Sittlichkeit
1614 435 1661 495 der
1693 437 1940 497 Handlungen,
1962 436 2093 496 sondern
2130 434 2177 494 die
2199 437 2298 497 Hei¬

1293 482 1460 542 ligkeit
1493 482 1562 542 des
1606 485 1762 545 Lebens
1795 485 1849 545 zum
1898 484 2124 544 Gegenstande
2163 485 2297 545 haben;

1295 578 1383 638 keine
1404 578 1493 638 Liebe
1519 578 1565 638 der
1592 578 1727 638 Tugend
1754 579 1816 639 und
1848 582 1899 642 bey
1931 582 2025 642 dieser
2051 580 2129 640 weit
2156 580 2296 640 weniger

1300 625 1349 685 die
1380 625 1722 685 Wiedergeburt
1763 627 1823 687 und
1864 629 1964 689 neue
2000 630 2190 690 Creatur
2226 628 2301 688 vor¬

1297 673 1473 733 ausgesetzt
1494 671 1612 731 werden
1644 673 1742 733 kann.
1789 675 1877 735 Eben
1913 676 1965 736 die
1991 679 2161 739 Gründe,
2188 678 2234 738 die
2261 676 2301 736 ei¬

1302 722 1358 782 nem
1405 721 1611 781 aufrichtigen
1643 721 1812 781 Menschen
1844 722 1973 782 manche
1994 727 2205 787 Ausnahmen
2237 727 2288 787 von

1306 769 1355 829 den
1389 770 1544 830 Pflichten
1578 769 1628 829 der
1651 767 1839 827 Höflichkeit
1862 769 2028 829 auflegen,
2051 775 2144 835 geben
2185 775 2306 835 hinrei¬

1303 819 1394 879 chend
1438 819 1471 879 zu
1525 816 1714 876 verstehen,
1742 816 1856 876 warum
1916 816 1997 876 jeder
2035 822 2208 882 Heilige
2247 825 2289 885 ein

1307 867 1485 927 Sünder
1521 864 1584 924 seyn
1619 864 1723 924 muß,
1753 862 1810 922 und
1845 861 1903 921 daß
1932 864 2071 924 Paulus
2101 867 2146 927 die
2176 870 2302 930 Wahr¬

1307 915 1375 975 heit
1399 915 1422 975 in
1451 915 1578 975 Christo
1602 912 1735 972 schrieb,
1764 909 1822 969 und
1846 909 1926 969 nicht
1950 909 2025 969 log,
2048 913 2134 973 wenn
2170 916 2198 976 er
2234 918 2291 978 von

1310 962 1358 1022 sich
1386 963 1564 1023 bekennt:"
1586 963 1672 1023 unter
1700 960 1824 1020 welchen
1852 957 1889 1017 ich
1911 957 1959 1017 der
1982 957 2182 1017 vornehmste
2204 966 2274 1026 bin.

1303 1007 1378 1067 Die
1402 1010 1604 1070 Sittlichkeit
1633 1008 1685 1068 der
1714 1006 1929 1066 Handlungen
1964 1004 2079 1064 scheint
2103 1007 2201 1067 daher
2225 1013 2294 1073 eher

1306 1052 1348 1112 ein
1382 1055 1549 1115 Maasstab
1577 1056 1625 1116 der
1647 1055 1929 1115 Werkheiligkeit,
1951 1052 1999 1112 als
2027 1052 2108 1112 eines
2135 1055 2194 1115 mit
2211 1061 2297 1121 Chri¬

1310 1097 1351 1157 sto
1377 1100 1407 1160 in
1439 1100 1526 1160 Gott
1552 1103 1768 1163 verborgenen
1800 1103 1917 1163 Lebens
1944 1098 1979 1158 zu
2011 1100 2103 1160 seyn.
2160 1106 2206 1166 In
2243 1106 2294 1166 der

1312 1191 1371 1251 und
1407 1196 1612 1256 vollkommen
1653 1196 1844 1256 geworden,
1875 1198 1995 1258 besteht
2026 1196 2070 1256 die
2101 1196 2191 1256 Fülle
2221 1197 2296 1257 aller

1315 1241 1474 1301 Tugend,
1507 1243 1620 1303 welche
1646 1243 1884 1303 gegenwärtige
1916 1245 1977 1305 und
2009 1243 2195 1303 zukünftige
2221 1245 2303 1305 Ver¬

1635 1281 1710 1341 „Er
1736 1290 1817 1350 ward
1843 1294 1933 1354 unter
1959 1292 2004 1352 die
2025 1294 2227 1354 Uebelthäter
2253 1294 2303 1354 ge¬

1317 1294 1501 1354 heißungen
1531 1292 1601 1352 hat.

1313 1345 1455 1405 rechnet,
1467 1345 1483 1405 "
1523 1345 1579 1405 und
1614 1342 1676 1402 dies
1705 1345 1835 1405 Urtheil
1852 1343 1903 1403 der
1932 1342 2101 1402 Weisheit
2125 1342 2305 1402 gerechtfer¬

1311 1393 1372 1453 tigt
1394 1394 1455 1454 und
1484 1396 1639 1456 vollzogen
1673 1396 1761 1456 durch
1784 1396 2018 1456 Sittenrichter
2041 1396 2101 1456 und
2124 1393 2308 1453 Schriftge¬

1315 1443 1439 1503 lehrte,
1465 1443 1512 1503 die
1543 1442 1589 1502 sich
1626 1443 1683 1503 kein
1720 1443 1880 1503 Gewißen
1912 1443 2031 1503 daraus
2073 1445 2207 1505 machten
2244 1442 2295 1502 das

1310 1491 1511 1551 Kreutzige!
1533 1491 1564 1551 zu
1602 1491 1702 1551 ruffen
1740 1491 1813 1551 über
1840 1494 1925 1554 einen
1957 1493 2073 1553 Freßer
2105 1494 2163 1554 und
2190 1494 2306 1554 Wein¬

1312 1539 1428 1599 äufer,
1456 1539 1641 1599 Verführer
1673 1539 1725 1599 des
1752 1539 1853 1599 Volks
1885 1539 1943 1599 und
1976 1542 2230 1602 Gotteslästerer

1321 1584 1433 1644 Seht,
1455 1584 1546 1644 welch
1574 1587 1616 1647 ein
1644 1584 1804 1644 Mensch!
1827 1585 1940 1645 Seht,
1967 1587 2139 1647 Christen!
2166 1590 2220 1650 das
2263 1587 2300 1647 ist

1309 1623 1380 1683 euer
1410 1623 1539 1683 Haupt.
1554 1625 1563 1685 —
1646 1624 1736 1684 Sein
1775 1628 1832 1688 und
1857 1629 1953 1689 seiner
1977 1631 2087 1691 Worte
2112 1632 2227 1692 schämt
2247 1635 2294 1695 sich

284 1680 461 1740 gelische
493 1673 750 1733 Wahrheit,
775 1673 824 1733 die
849 1670 940 1730 höher
966 1670 1002 1730 ist
1027 1670 1100 1730 denn
1125 1670 1186 1730 alle
1205 1667 1284 1727 Ver=
1317 1668 1359 1728 ein
1396 1667 1844 1727 philosophisch-politisches
1876 1673 2078 1733 Weltalter;
2127 1675 2207 1735 denn
2238 1679 2293 1739 das

1318 1718 1415 1778 Wort
1437 1718 1491 1778 vom
1541 1718 1659 1778 Kreutz
1687 1719 1725 1779 ist
1758 1718 1822 1778 eine
1850 1718 2034 1778 Thorheit;
2062 1722 2088 1782 ja
2122 1724 2165 1784 ein
2198 1725 2294 1785 Stein

1314 1769 1364 1829 des
1393 1769 1568 1829 Anstoßens
1597 1769 1630 1829 ist
1654 1769 1704 1829 der
1727 1766 1902 1826 Eckstein
1931 1769 1987 1829 des
2011 1772 2191 1832 christlichen
2215 1775 2305 1835 Lehr¬

1315 1818 1490 1878 gebäudes,
1516 1820 1557 1880 ein
1594 1819 1795 1879 Taraxippus
1827 1819 1872 1879 der
1894 1819 2074 1879 Laufbahn,
2085 1820 2131 1880 die
2152 1822 2208 1882 uns
2240 1825 2307 1885 ver¬

1661 1870 1709 1930 In
1737 1870 1824 1930 jener
1847 1868 1972 1928 Wolke,
1989 1867 2038 1927 die
2060 1867 2126 1927 euch
2148 1870 2306 1930 umgiebt,

1311 1912 1348 1972 ist
1371 1918 1571 1978 Stephanus
1604 1918 1686 1978 mein
1713 1920 1843 1980 Zeuge,
1871 1918 1930 1978 aus
1958 1915 2045 1975 deßen
2078 1915 2208 1975 Munde
2230 1918 2294 1978 man

1310 1966 1518 2026 Lästerworte
1546 1966 1647 2026 wider
1674 1966 1721 2026 die
1744 1968 1866 2028 Moral
1889 1966 1947 2026 und
1974 1963 2171 2023 Dogmatick
2194 1963 2310 2023 gehört

1314 2014 1441 2074 hatte!-
1506 2014 1564 2074 und
1590 2014 1678 2074 unter
1703 2014 1777 2074 allen
1797 2017 2028 2077 Nazarenern,
2058 2014 2102 2074 die
2117 2014 2166 2074 den
2186 2012 2299 2072 ganzen

1311 2061 1483 2121 Weltkreis
1511 2061 1662 2121 rebellisch
1695 2059 1879 2119 gemacht
1902 2064 2020 2124 haben,
2048 2064 2139 2124 kennt
2162 2063 2296 2123 Athen

1315 2109 1376 2169 kein
1408 2109 1568 2169 Unkraut,
1579 2106 1800 2166 Tertullus
1827 2109 1908 2169 keine
1930 2110 2027 2170 Pest,
2038 2112 2100 2172 noch
2131 2112 2177 2172 der
2198 2112 2306 2172 theure

1313 2160 1453 2220 Festus
1487 2155 1573 2215 einen
1601 2153 1764 2213 rasendern
1797 2154 2020 2214 Schulfuchs,
2047 2160 2095 2220 der
2124 2163 2183 2223 mit
2194 2163 2302 2223 Paulo

1310 2205 1336 2265 in
1364 2205 1597 2265 Vergleichung
1624 2201 1708 2261 kam,
1735 2202 1793 2262 mit
1815 2199 1921 2259 Paulo
1953 2204 2000 2264 dem
2043 2208 2250 2268 Jünglinge,
2266 2211 2292 2271 zu

1316 2253 1406 2313 deßen
1435 2250 1543 2310 Füßen
1572 2249 1622 2309 des
1651 2249 1782 2309 heiligen
1811 2249 1986 2309 Stephani
2010 2252 2225 2312 Kunstrichter
2243 2252 2304 2312 ihre

1315 2303 1448 2363 Kleider
1475 2297 1709 2357 niederlegten.
1731 2294 1741 2354 —

1806 2297 1941 2357 Anstatt
1969 2297 2028 2357 also
2062 2299 2110 2359 die
2137 2300 2300 2360 Schmach

1319 2351 1445 2411 Christi
1464 2348 1521 2408 und
1562 2342 1614 2402 das
1644 2345 1817 2405 Aergerniß
1847 2348 1939 2408 seiner
1963 2345 2142 2405 Nachfolge
2172 2345 2229 2405 auf
2253 2348 2299 2408 sich

1316 2404 1347 2464 zu
1374 2397 1526 2457 nehmen,
1547 2393 1627 2453 sucht
1648 2393 1716 2453 man
1743 2396 1795 2456 das
1823 2396 1943 2456 Kreutz
1960 2393 1986 2453 zu
2018 2393 2213 2453 vernichten,
2235 2399 2308 2459 weil

1310 2446 1342 2506 es
1381 2447 1418 2507 ein
1451 2440 1570 2500 leichtes
1603 2440 1641 2500 ist
1663 2442 1711 2502 die
1739 2443 1912 2503 Vernunft
1940 2443 1966 2503 in
2005 2440 2086 2500 einen
2113 2443 2221 2503 Engel
2249 2448 2297 2508 des

1316 2497 1418 2557 Lichts
1446 2489 1505 2549 und
1533 2488 1559 2548 in
1587 2488 1668 2548 einen
1701 2491 1830 2551 Apostel
1853 2491 1901 2551 der
1923 2491 2161 2551 Gerechtigkeit
2178 2495 2204 2555 zu
2237 2497 2307 2557 ver¬

1318 2545 1437 2605 stellen,
1460 2539 1510 2599 dem
1551 2539 1687 2599 Fleische
1705 2541 1948 2601 angenehmer,
1966 2541 2034 2601 klug
2058 2540 2085 2600 in
2109 2543 2227 2603 Christo
2256 2547 2301 2607 als

1316 2593 1358 2653 ein
1392 2588 1489 2648 Narr
1517 2584 1549 2644 um
1599 2589 1745 2649 Christus
1773 2589 1870 2649 willen
1904 2587 1930 2647 zu
1964 2590 2056 2650 seyn,
2078 2593 2137 2653 und
2165 2593 2235 2653 weil
2252 2593 2306 2653 der

1321 2638 1496 2698 natürliche
1514 2632 1637 2692 Mensch
1661 2635 1706 2695 sich
1729 2638 1796 2698 gern
1825 2638 1909 2698 durch
1938 2641 2142 2701 vernünftige
2165 2641 2300 2701 Reden"

1316 2688 1375 2748 und
1403 2679 1598 2739 vergebliche
1626 2682 1735 2742 Worte
1757 2684 1970 2744 **betrügen,
1992 2688 2062 2748 aber
2085 2688 2193 2748 schwer
2215 2685 2307 2745 über¬

1320 2736 1430 2796 zeugen
1459 2727 1542 2787 läßt,
1554 2729 1637 2789 einer
1665 2734 1837 2794 geistlichen
1871 2736 2071 2796 Erkenntniß
2105 2736 2244 2796 unfähig
2267 2733 2294 2793 zu

1325 2785 1413 2845 seyn.
1497 2774 1639 2834 Meynst
1657 2781 1692 2841 du
1716 2784 1852 2844 nicht,"
1877 2784 1948 2844 sagt
1966 2786 2055 2846 unser
2079 2781 2303 2841 Kirchenvater

2172 2826 2301 2886 Luther

312 2883 418 2943 Röm.
433 2879 525 2939 XI.9.
590 2879 824 2939 Apostelgesch.
840 2876 989 2936 XXVIII,
1004 2876 1032 2936 4.
1047 2876 1082 2936 6.
1111 2876 1210 2936 JHoc
1240 2877 1281 2937 est
1325 2878 1438 2938 corpus
1468 2873 1595 2933 meum.
1624 2878 1631 2938 *
1675 2881 1895 2941 Apostelgesch.
1903 2879 2038 2939 XVII,6.
2081 2874 2209 2934 Coloß.
2224 2880 2259 2940 Il,
2267 2883 2301 2943 4.
