2479 3508
284 342 366 402 nicht
385 342 550 402 vergütet.
598 341 668 401 Und
699 339 745 399 die
776 339 954 399 Nachricht
972 338 1031 398 von
1061 339 1279 399 Markofrän=
1316 339 1410 399 durch
1441 336 1487 396 den
1524 339 1635 399 Lehrer
1672 340 1736 400 eine
1766 339 2003 399 Entwickelung
2040 339 2175 399 erhalten
2211 339 2323 399 sollen,

285 389 362 449 schen
404 389 523 449 möchte
561 386 722 446 vielleicht
753 386 811 446 zur
843 386 951 446 Krone
983 386 1066 446 einer
1103 386 1295 446 Naturfor¬

292 440 434 500 schenden
466 434 672 494 Gesellschaft
694 434 720 494 zu
752 435 821 495 spät
843 437 1000 497 kommen,
1006 433 1065 493 und
1092 434 1191 494 weder
1213 434 1292 494 Län¬

285 486 323 546 ge
351 485 420 545 noch
454 485 567 545 Kürze
595 482 719 542 haben.
774 483 887 543 Kostet
915 484 947 544 in
980 483 1034 543 der
1067 482 1278 542 Kanterschen

288 533 557 593 Buchhandlung
585 533 720 593 allhier,
742 533 801 593 wie
823 533 893 593 auch
926 533 952 593 in
986 533 1104 593 Elbing
1132 533 1191 593 und
1213 533 1288 593 Mi=
1322 528 1397 588 çois
1424 527 1483 587 und
1516 529 1575 589 aus
1608 530 1765 590 Saurins
1798 533 1970 593 Predigten
2004 533 2219 593 genommen,
2247 533 2316 593 aber

285 580 332 640 tau
369 582 386 642 1
411 582 452 642 fl.

663 676 924 736 Helmstådt.

363 718 531 778 "Johann
561 721 659 781 Peter
683 724 822 784 Millers
846 724 1038 784 Anweisung
1067 721 1119 781 zur
1143 721 1293 781 Wohlre¬

296 770 474 830 „denheit,
497 774 566 834 nach
594 771 648 831 den
681 772 925 832 auserlesensten
959 772 1104 832 Mustern
1143 769 1294 829 französi¬

296 819 403 879 "scher
426 819 573 879 Redner,
597 819 738 879 Helmst.
756 816 857 876 1763.
875 818 914 878 22
943 819 1056 879 Bogen
1085 819 1112 879 in
1136 815 1186 875 8.”
1215 813 1288 873 Wir

290 867 404 927 kennen
436 867 483 927 den
515 867 613 927 Herrn
645 864 806 924 Verfaßer
833 865 884 925 seit
906 865 1000 925 vielen
1026 867 1151 927 Jahren
1183 866 1229 926 als
1256 864 1297 924 ei¬

292 915 349 975 nen
381 912 432 972 der
464 912 656 972 würdigsten
693 915 963 975 Schulmänner,
989 915 1035 975 die
1067 912 1285 972 Deutschland

298 961 460 1021 verehret,
483 960 509 1020 in
537 960 623 1020 deßen
656 961 819 1021 Schriften
852 961 906 1021 wir
933 960 982 1020 bey
1009 960 1058 1020 der
1080 963 1280 1023 biegsamsten

296 1007 585 1067 Herunterlaßung
623 1010 650 1070 zu
683 1007 738 1067 den
776 1008 1043 1068 mannigfaltigen
1082 1010 1283 1070 Fähigkeiten

295 1154 337 1214 ne
375 1151 586 1211 historisch
624 1151 872 1211 moralische
915 1149 1296 1209 Schilderungen,

305 1196 418 1256 wovon
444 1196 542 1256 dieses
568 1196 733 1256 Werkchen
765 1196 816 1256 der
843 1196 945 1256 fünfte
966 1196 1065 1256 Theil
1086 1196 1142 1256 ist,
1163 1193 1287 1253 erfüllen

296 1248 383 1308 nicht
410 1246 470 1306 nur
498 1245 546 1305 die
574 1244 760 1304 vorgesetzte
788 1243 934 1303 Absicht,
968 1243 1121 1303 nehmlich
1160 1240 1208 1300 die
1230 1240 1306 1300 Bil¬

306 1297 386 1357 dung
419 1297 521 1357 zarter
554 1297 710 1357 Herzen,
744 1297 873 1357 sondern
906 1294 997 1354 indem
1041 1292 1067 1352 in
1100 1294 1192 1354 ihnen
1219 1291 1289 1351 auch

297 1351 442 1411 nützliche
478 1348 628 1408 Lehrsätze
658 1345 716 1405 aus
746 1345 798 1405 den
840 1345 1124 1405 Wißenschaften,
1143 1342 1299 1402 Betrach¬

295 1397 411 1457 tungen
438 1398 490 1458 aus
522 1396 569 1456 der
596 1399 833 1459 Sittenlehre,
855 1396 1061 1456 ausgesuchte
1083 1396 1283 1456 Geschichten
1326 1396 1378 1456 gen
1421 1396 1478 1456 und
1511 1396 1769 1456 Ueberredenden
1802 1393 1996 1453 angewiesen
2029 1396 2150 1456 werden
2182 1393 2319 1453 können.

296 1542 350 1602 den
388 1542 475 1602 durch
509 1539 606 1599 dieses
640 1540 737 1600 Werk
765 1542 863 1602 theils
891 1540 940 1600 ihr
974 1541 1109 1601 Denken
1138 1539 1295 1599 schärfen,

296 1590 393 1650 theils
427 1589 476 1649 sich
509 1590 563 1650 bey
597 1587 645 1647 dem
689 1589 842 1649 Mangel
864 1587 995 1647 eigener
1024 1584 1209 1644 Erfahrung
1242 1584 1301 1644 mit

296 1634 543 1694 nöthwendigen
573 1633 781 1693 Kenntnißen
811 1632 860 1692 der
885 1631 974 1691 Welt
994 1628 1132 1688 versehen
1163 1628 1281 1688 können

296 1680 333 1740 um
375 1679 478 1739 Stoff
493 1678 521 1738 zu
554 1677 680 1737 haben,
705 1674 793 1734 wenn
831 1673 868 1733 sie
892 1675 920 1735 zu
954 1673 1005 1733 den
1038 1673 1207 1733 Uebungen
1245 1670 1296 1730 der

309 1773 358 1833 sich
392 1773 452 1833 mit
475 1771 529 1831 dem
574 1769 761 1829 Unterricht
784 1769 900 1829 junger
939 1766 1032 1826 Leute
1066 1766 1270 1826 beschäftigen

303 1822 434 1882 wißen,
461 1822 571 1882 welche
593 1817 872 1877 Unfruchtbarkeit
894 1817 962 1877 man
994 1817 1057 1877 hier
1079 1817 1200 1877 findet,
1227 1814 1284 1874 wei

310 1872 357 1932 der
381 1872 474 1932 Acker
499 1870 563 1930 noch
587 1869 716 1929 schwach
746 1867 852 1927 besäet
871 1864 923 1924 ist.
947 1864 1065 1924 Dieser
1089 1867 1206 1927 Dürre
1224 1861 1300 1921 hilft

297 1920 364 1980 man
401 1916 473 1976 weit
495 1915 588 1975 beßer
609 1917 671 1977 ab,
698 1915 785 1975 wenn
817 1915 884 1975 man
911 1915 1124 1975 Wahrheiten
1155 1914 1212 1974 und
1239 1906 1300 1966 Er¬

295 1967 474 2027 fahrungen
509 1966 557 2026 zum
601 1965 743 2025 Grunde
765 1965 852 2025 legt,
880 1966 923 2026 als
951 1966 1038 2026 wenn
1065 1966 1131 2026 man
1164 1966 1213 2026 der
1235 1963 1300 2023 Ju¬

300 2020 379 2080 gend
406 2017 469 2077 mit
485 2017 570 2077 einem
607 2014 845 2074 Waarenlager
867 2014 919 2074 von
952 2017 1136 2077 Sentenzen
1169 2014 1226 2074 und
1248 2012 1301 2072 an¬

298 2070 368 2130 dern
401 2067 586 2127 dergleichen
625 2067 842 2127 Materialiem
886 2067 929 2127 ein
968 2067 1131 2127 Geschenk
1164 2061 1299 2121 machet.

298 2112 377 2172 Wir
400 2118 524 2178 wißen,
547 2115 603 2175 daß
627 2116 699 2176 auch
723 2117 829 2177 Leute,
853 2115 903 2175 die
921 2115 1005 2175 nicht
1022 2115 1107 2175 mehr
1136 2112 1299 2172 Jünglin¬

296 2171 328 2231 ge
351 2167 440 2227 sind,
469 2165 546 2225 diese
569 2163 769 2223 Schriften,
798 2163 847 2223 der
882 2163 1098 2223 angenehmen
1132 2160 1305 2220 Wendun¬

290 2216 345 2276 gen
376 2211 502 2271 wegen,
528 2209 588 2269 mit
609 2210 806 2270 Vergnügen
832 2208 927 2268 lesen,
953 2210 1013 2270 und
1039 2211 1130 2271 wenn
1161 2209 1216 2269 wir
1242 2208 1292 2268 der

297 2263 434 2323 Jugend
463 2258 559 2318 gleich
594 2257 662 2317 ihre
685 2255 896 2315 Bibliotheck
925 2256 993 2316 sehr
1022 2258 1267 2318 einschränketen

301 2311 328 2371 so
350 2308 461 2368 würde
489 2306 560 2366 doch
589 2303 688 2363 dieses
722 2303 815 2363 Werk
849 2303 899 2363 des
933 2306 1037 2366 Herrn
1071 2307 1215 2367 Müllers
1243 2304 1292 2364 ihr

296 2357 377 2417 nicht
394 2355 541 2415 entzogen
569 2354 689 2414 werden
723 2351 848 2411 dörfen.
898 2351 946 2411 Es
975 2356 1061 2416 giebt
1084 2355 1204 2415 wenige
1232 2351 1297 2411 Ge¬

302 2405 428 2465 lehrte,
440 2405 555 2465 welche
585 2402 665 2462 schön
700 2400 757 2460 und
792 2399 918 2459 würdig
942 2401 993 2461 für
1017 2407 1109 2467 große
1133 2402 1294 2462 Gelehrte

302 2497 352 2557 ben
381 2499 409 2559 im
455 2502 590 2562 Stande
619 2502 715 2562 sind;
744 2500 817 2560 aber
841 2500 942 2560 viele,
965 2500 1016 2560 die
1033 2502 1084 2562 dem
1130 2500 1282 2560 gelehrten

301 2545 528 2605 Mittelstande
551 2551 684 2611 dienen.
729 2545 807 2605 Den
841 2548 951 2608 bisher
980 2548 1285 2608 herausgegebenen

299 2595 429 2655 Werken
458 2596 532 2656 fügt
549 2595 600 2655 der
618 2596 703 2656 Herr
732 2599 852 2659 Rektor
881 2596 926 2656 die
949 2599 1222 2659 Wohlredenheit
1240 2595 1285 2655 als

297 2644 350 2704 den
377 2641 479 2701 letzten
511 2641 644 2701 Anhang
672 2641 730 2701 an,
752 2643 810 2703 und
837 2643 863 2703 in
891 2644 944 2704 den
971 2646 1041 2706 vier
1062 2646 1120 2706 und
1148 2646 1286 2706 zwanzig

296 2693 517 2753 angehängten
551 2686 735 2746 Entwürfen
763 2688 795 2748 zu
823 2693 1105 2753 Ausarbeitungen
1133 2694 1235 2754 weiset
1257 2694 1289 2754 er

293 2743 341 2803 hin
380 2742 434 2802 und
467 2736 602 2796 wieder,
620 2736 674 2796 wie
696 2736 886 2796 Jünglinge
908 2736 968 2796 aus
991 2739 1044 2799 den
1072 2745 1289 2805 Schilderun¬

283 2793 341 2853 gen
365 2793 417 2853 sich
441 2789 569 2849 fernern
593 2784 704 2844 Raths
728 2784 850 2844 erholen
879 2784 1019 2844 können.
1067 2789 1143 2849 Der
1161 2791 1288 2851 Inhalt

293 2844 343 2904 der
363 2842 475 2902 ganzen
520 2838 658 2898 Schrift
684 2838 740 2898 sind
778 2835 891 2895 vierzig
917 2835 1004 2895 kurze
1030 2838 1212 2898 Lehrsätze,
1238 2841 1281 2901 die

1325 383 1438 443 sammt
1454 386 1670 446 zureichenden
1696 386 1881 446 Beyspielen
1912 386 1968 446 aus
1990 385 2226 445 franzöͤsischen,
2242 389 2319 449 mei¬

1322 431 1486 491 stentheils
1513 434 1682 494 geistlichen
1714 437 1884 497 Rednern,
1910 437 2018 497 welche
2044 432 2100 492 aus
2127 434 2178 494 den
2204 434 2317 494 mode¬

1316 481 1362 541 les
1381 479 1395 539 d
1433 479 1611 539 eloquence
1640 482 1676 542 ou
1705 485 1794 545 traits
1818 483 1968 543 brillants
1987 481 2038 541 des
2062 482 2207 542 orateurs
2231 482 2315 542 fran-

1322 575 1502 635 auserlesen
1534 575 1611 635 sind.
1668 578 1740 638 Bey
1777 580 1895 640 einigen
1932 580 2050 640 möchte
2082 580 2148 640 man
2185 578 2231 638 die
2258 579 2324 639 Be¬

1322 625 1492 685 zeichnung
1523 625 1568 685 des
1594 625 1674 685 Orts
1700 628 1881 688 wünschen,
1907 629 1951 689 wo
1982 631 2027 691 die
2052 629 2178 689 Stellen
2204 628 2229 688 in
2259 628 2309 688 den

1325 673 1436 733 Reden
1463 673 1552 733 selbst
1569 673 1758 733 angetroffen
1785 676 1927 736 werden.
1976 676 2028 736 Es
2044 679 2081 739 ist
2092 677 2234 737 nützlich,
2245 676 2319 736 daß,

1322 721 1356 781 da
1387 721 1432 781 die
1448 721 1599 781 Exempel
1615 720 1676 780 aus
1702 721 1919 781 französischen
1945 727 2091 787 Rednern
2122 727 2309 787 genommen

1327 769 1406 829 sind,
1417 769 1442 829 in
1473 769 1517 829 der
1543 768 1684 828 Vorrede
1710 769 1774 829 eine
1790 769 1966 829 Nachricht
1977 772 2037 832 von
2062 775 2113 835 der
2139 775 2309 835 geistlichen

1327 817 1574 877 Beredsamkeit
1606 816 1632 876 in
1664 816 1848 876 Frankreich
1886 818 1948 878 und
1986 819 2075 879 deßen
2123 823 2306 883 berühmten

1323 867 1506 927 Rednern,
1535 867 1615 927 einem
1659 864 1860 924 Bossuet,
1887 866 2208 926 Bourdaloue,
2235 870 2327 930 Fle¬

1325 915 1478 975 schier,
1509 912 1785 972 Fontenelle,
1816 911 1862 971 La
1898 909 2016 969 Rüe,
2052 917 2317 977 Maskaron,

1328 963 1543 1023 Massillon
1582 963 1646 1023 und
1679 960 1733 1020 vom
1777 957 1949 1017 Saurin
1988 957 2111 1017 ertheilt
2139 965 2236 1025 wird:
2253 966 2295 1026 Um

1326 1007 1414 1067 durch
1448 1010 1502 1070 das
1531 1008 1718 1068 Uebersetzen
1752 1007 1773 1067 in
1807 1006 1857 1066 der
1880 1003 2056 1063 Fertigkeit
2079 1007 2166 1067 wohl
2184 1010 2211 1070 zu
2244 1013 2321 1073 den¬

297 1055 350 1115 der
377 1055 508 1115 Jugend
535 1056 603 1116 eine
625 1058 804 1118 gründliche
831 1057 888 1117 und
916 1055 995 1115 seine
1022 1055 1291 1115 Gelehrsamkeit,
1323 1055 1370 1115 ken
1402 1055 1460 1115 und
1487 1058 1528 1118 die
1555 1060 1725 1120 Gedanken
1757 1055 1809 1115 gut
1831 1052 2057 1112 auszudrucken
2085 1052 2110 1112 zu
2137 1056 2237 1116 üben,
2264 1062 2316 1122 hat

295 1103 356 1163 und
383 1103 506 1163 überall
527 1103 578 1163 das
605 1103 759 1163 redlichste
780 1103 862 1163 Herz
884 1100 1017 1160 gewahr
1038 1103 1182 1163 werden.
1204 1100 1291 1160 Sei=
1323 1101 1379 1161 der
1406 1103 1493 1163 Herr
1519 1103 1684 1163 Verfaßer
1710 1103 1756 1163 die
1783 1101 1916 1161 Stellen
1948 1100 1978 1160 in
2005 1100 2056 1160 der
2077 1101 2247 1161 Ursprache
2273 1109 2319 1169 ge¬

1322 1148 1438 1208 laßen.
1486 1149 1597 1209 Seine
1619 1151 1745 1211 Absicht
1767 1151 1803 1211 ist
1830 1151 2052 1211 untadelhaft.
2101 1148 2174 1208 Die
2196 1154 2322 1214 Uebun¬

1327 1196 1381 1256 gen
1417 1193 1472 1253 des
1502 1196 1718 1256 Uebersetzens
1754 1196 1844 1256 sind,
1880 1197 1950 1257 was
1986 1196 2035 1256 die
2061 1196 2237 1256 Vortheile
2268 1199 2317 1259 der

1332 1243 1567 1303 Nachahmung
1598 1243 1658 1303 und
1684 1243 1733 1303 des
1764 1243 1945 1303 Ausdrucks
1971 1246 2146 1306 anbetrift,
2172 1246 2227 1306 von
2257 1246 2322 1306 ver¬

1327 1292 1502 1352 schiedenem
1544 1294 1688 1354 Nutzen.
1745 1291 1900 1351 Ueberall
1922 1291 1998 1351 wird
2025 1294 2081 1354 von
2118 1294 2164 1354 dem
2206 1295 2319 1355 Lehrer

1326 1343 1375 1403 bey
1409 1345 1459 1405 der
1482 1342 1708 1402 Verbeßerung
1737 1345 1758 1405 zu
1787 1343 1836 1403 dem
1881 1345 2186 1405 Nachdrücklichen,
2208 1345 2319 1405 Feuri¬

295 1443 353 1503 und
385 1444 580 1504 Charaktere
602 1445 649 1505 der
671 1444 809 1504 Stände
841 1446 1052 1506 vorgetragen
1084 1443 1232 1503 werden,
1260 1442 1285 1502 so
1328 1443 1396 1503 Und
1424 1446 1455 1506 um
1498 1446 1582 1506 deren
1615 1446 1741 1506 willen,
1768 1446 1815 1506 die
1842 1446 1894 1506 der
1922 1446 2144 1506 französischen
2171 1443 2318 1503 Sprache

295 1491 464 1551 bereichern
496 1494 533 1554 sie
555 1494 623 1554 auch
650 1493 702 1553 den
734 1491 914 1551 Verstand.
962 1494 1083 1554 Junge
1105 1491 1189 1551 Leser
1211 1489 1289 1549 wer=
1322 1493 1412 1553 nicht
1433 1493 1602 1553 gewachsen
1629 1494 1724 1554 sind,
1746 1494 1904 1554 wünschen
1936 1494 1994 1554 wir
2021 1494 2078 1554 von
2111 1494 2163 1554 dem
2206 1494 2311 1554 Herrn

1323 1540 1485 1600 Verfaßer
1512 1542 1588 1602 ohne
1616 1542 1659 1602 die
1681 1542 1920 1602 Behinderung
1953 1544 2050 1604 seiner
2072 1545 2197 1605 Absicht
2219 1545 2245 1605 zu
2273 1543 2321 1603 be¬

1327 1587 1487 1647 fürchten,
1508 1585 1559 1645 die
1581 1587 1772 1647 Besorgung
1799 1590 1881 1650 einer
1908 1590 2151 1650 Uebersetzung,
2177 1593 2260 1653 wozu
2292 1593 2317 1653 er

1326 1633 1375 1693 sich
1400 1628 1573 1688 anheischig
1598 1631 1720 1691 macht,
1751 1631 1819 1691 oder
1849 1634 1918 1694 eine
1948 1634 2155 1694 Sammlung
2190 1637 2322 1697 derglei¬

1326 1671 1392 1731 chen
1422 1673 1575 1733 deutschen
1600 1673 1931 1733 Originalbeyspiele,
1956 1679 1989 1739 an
2023 1681 2147 1741 welchen
2177 1683 2234 1743 wir
2254 1685 2320 1745 jetzt

294 1726 570 1786 Wohlredenheit
589 1721 788 1781 angeführet
807 1721 945 1781 werden.
957 1718 1175 1778 Diejenigen,
1181 1715 1289 1775 welche
1332 1720 1416 1780 nicht
1435 1721 1525 1781 mehr
1543 1721 1627 1781 eines
1653 1721 1809 1781 Mangels
1834 1721 1948 1781 können
1973 1724 2165 1784 beschuldigt
2184 1727 2322 1787 werden.

1323 1772 1434 1832 Kostet
1457 1771 1478 1831 in
1507 1770 1557 1830 der
1586 1772 1792 1832 Kanterschen
1820 1769 2088 1829 Buchhandlung
2116 1775 2250 1835 allhier,
2262 1778 2317 1838 wie

1325 1821 1397 1881 auch
1422 1819 1446 1879 in
1477 1820 1593 1880 Elbing
1624 1822 1684 1882 und
1710 1822 1825 1882 Mitzu
1856 1822 1867 1882 1
1893 1822 1929 1882 fl.
1948 1819 1978 1879 15
2003 1822 2057 1882 gr.

1535 1921 1780 1981 Amsterdam
1828 1919 1892 1979 und
1922 1918 2102 1978 Berlin.

1397 1966 1611 2026 "Catalogue
1651 1969 1689 2029 d’
1706 1969 1766 2029 une
1806 1969 2004 2029 nombreuse
2049 1966 2230 2026 Collection
2275 1968 2313 2028 de

1332 2014 1452 2074 Livres
1483 2017 1512 2077 en
1548 2017 1618 2077 tout
1644 2017 1770 2077 genre,
1795 2017 1886 2077 rares
1916 2017 1946 2077 et
1972 2017 2122 2077 curieux,
2153 2016 2274 2076 propre
2305 2015 2314 2075 à

1335 2064 1510 2124 "satisfaire
1541 2064 1586 2124 les
1612 2064 1782 2124 Amateurs
1813 2061 1843 2121 et
1869 2063 1879 2123 à
1910 2064 2040 2124 fournir
2071 2064 2131 2124 une
2152 2064 2247 2124 partie
2283 2064 2317 2124 de

1329 2112 1378 2172 "ce
1413 2112 1471 2172 qui
1496 2112 1634 2172 manque
1664 2109 1722 2169 aux
1757 2109 1900 2169 grandes
1935 2115 2195 2175 Bibliotheques.
2244 2115 2317 2175 Les-

1332 2162 1442 2222 ”quels
1465 2160 1498 2220 se
1527 2157 1687 2217 vendront
1716 2154 1793 2214 dans
1821 2157 1926 2217 Berlin
1960 2160 2016 2220 par
2044 2163 2115 2223 Jean
2155 2163 2315 2223 Neaulme

1330 2208 1378 2268 "au
1417 2205 1703 2265 commencement
1731 2202 1763 2262 de
1791 2205 1942 2265 l'Année
1980 2208 2089 2268 1764.
2111 2208 2143 2268 et
2176 2211 2256 2271 dont
2290 2211 2316 2271 le

1321 2253 1424 2313 Pjoun
1449 2255 1512 2315 sera
1542 2249 1689 2309 annoncé
1719 2249 1881 2309 beaucoup
1916 2251 2077 2311 d'avance
2107 2252 2160 2312 par
2191 2255 2234 2315 les
2254 2252 2318 2312 Ga-

1331 2304 1465 2364 "zettes.
1478 2300 1606 2360 1763.”

1655 2300 1805 2360 Nachdem
1848 2300 1933 2360 Herr
1950 2300 2115 2360 Neaulme
2137 2301 2211 2361 über
2234 2303 2324 2363 funf¬

1323 2357 1367 2417 zig
1395 2354 1488 2414 Jahr
1511 2350 1560 2410 dem
1600 2349 1859 2409 Bücherhandel
1882 2348 2108 2408 vorgestanden
2142 2348 2203 2408 und
2231 2351 2319 2411 Wil¬

1326 2400 1394 2460 lens
1417 2401 1456 2461 ist
1473 2399 1519 2459 sich
1553 2396 1620 2456 jetzt
1638 2394 1694 2454 zur
1718 2399 1808 2459 Ruhe
1831 2402 1859 2462 zu
1893 2396 2063 2456 begeben:
2086 2396 2114 2456 so
2143 2399 2199 2459 hat
2222 2399 2312 2459 dieser

301 2452 311 2512 —
357 2450 419 2510 und
442 2452 493 2512 für
516 2453 708 2513 Jünglinge
731 2451 753 2511 in
782 2449 838 2509 den
856 2449 1105 2509 Wißenschaften
1128 2452 1156 2512 zu
1185 2452 1292 2512 schrei=
1321 2449 1490 2509 Entschluß
1525 2443 1768 2503 gegenwärtige
1797 2449 1955 2509 Ausgabe
1984 2443 2080 2503 seines
2115 2449 2318 2509 Bücherver¬

1323 2500 1498 2560 zeichnißes
1522 2492 1731 2552 veranlaßet,
1754 2497 1810 2557 das
1834 2497 1907 2557 fünf
1925 2494 2100 2554 Bandchen
2129 2497 2157 2557 in
2186 2499 2253 2559 groß
2282 2501 2315 2561 8.

1320 2548 1465 2608 beträgt.
1488 2542 1560 2602 Die
1583 2541 1677 2601 zween
1706 2545 1801 2605 ersten
1824 2545 1935 2605 Theile
1953 2545 2109 2605 enthalten
2137 2548 2210 2608 über
2227 2545 2310 2605 6000

1325 2596 1430 2656 Stück
1452 2589 1509 2649 von
1537 2588 1653 2648 Octav=
1669 2592 1727 2652 und
1754 2593 2044 2653 Duodetz=Werken
2071 2596 2139 2656 nach
2166 2596 2319 2656 alphabe=

1326 2643 1428 2703 tischer
1451 2638 1629 2698 Ordnung.
1679 2642 1727 2702 Im
1771 2641 1879 2701 dritten
1906 2641 2014 2701 Theils
2042 2643 2101 2703 sind
2129 2643 2172 2703 die
2194 2643 2318 2703 Ovart¬

1325 2691 1351 2751 im
1389 2686 1505 2746 vierten
1538 2684 1580 2744 die
1601 2690 1787 2750 Folianten,
1814 2691 1872 2751 und
1905 2691 1930 2751 im
1968 2691 2090 2751 fünften
2123 2693 2181 2753 alle
2202 2688 2313 2748 Werke

1323 2741 1350 2801 im
1390 2733 1522 2793 größern
1551 2735 1716 2795 Formate,
1734 2739 1895 2799 Charten,
1918 2740 2139 2800 Kupferstiche
2156 2736 2200 2796 rc.
2228 2736 2311 2796 nebst

1322 2787 1406 2847 einer
1444 2781 1660 2841 ansehnlichen
1703 2790 1914 2850 Sammlung
1957 2787 2010 2847 von
2053 2784 2317 2844 Handschriften.

1320 2837 1392 2897 Der
1417 2832 1593 2892 öffentliche
1624 2838 1775 2898 Verkauf
1800 2838 1879 2898 wird
1910 2838 1940 2898 zu
1977 2838 2092 2898 Altona
2123 2832 2317 2892 geschehen,

2246 2882 2308 2942 und
