2479 3508
593 1239 1789 1337 19tes Stück. Freytag, den 6. Aprill 1764.
412 1329 937 1417 Breslau und Leipzig.
171 1502 1173 1560 der Hexenproben, die durch Feuer und Waßer die
173 1545 1166 1603 weiße Unschuld kahlköpfichter Alten beweisen sollten,
171 1739 2186 1817 ten so gar schätzbar ist, an Lesern und Kunstrichtern
181 1844 1176 1899 hierinnen so wenig Here seyn, als sie in den Versen,
178 1877 1173 1947 die uns auf die Wundergeschichte ihrer Thaten Aug=
178 1945 1173 1990 und Ohr öffnen sollen, keine Pythia ist, mit glühen
181 1985 1176 2038 dem Blick und felssteilen Haaren. — Da ihre Wun¬
173 2010 1166 2080 der selbst überall ohne den Finger der Beschwörung,
173 2080 1166 2131 und den Stub des Zauberkreises geschehen, so zerfährt
171 2116 1161 2176 in der Luft, wie das Bild der Creusa dem Aeneas ihr
171 2158 1161 2224 Allmachtswort für solche Leser, die vom Jambres an
168 2214 1163 2281 bis zum Feru=König des Shakespears verwöhnt sind,
171 2261 1163 2327 nicht ohne Zeichen Wunder zu glauben. Doch es
171 2309 1166 2372 mag ein todter Wink von ihr so kräftig seyn, als je-
171 2364 1173 2417 nes ehrlichen Freygelaßenen: Siehe da! der um
181 2402 1163 2470 sich des Zauberverdachts zu entledigen, alle Werke
171 2457 1163 2525 zeuge seines Fleißes auskramte. In der That scheint
171 2497 1163 2560 diese Geschichte der erste Strich zu unserm Geschichtst=
171 2553 1161 2628 und genealogischen Heren-Calender zu seyn. Denn
171 2605 2191 2661 eben so giebt der Fleiß ihrer Mutter, einer arbeitsa
171 2658 1173 2716 men Bauerfrau den Ruf und Lohn einer Zauberin,
173 2701 1171 2756 nur daß noch eine Here dazu gehört, sie durch diese
181 2749 1166 2799 Tugend unglücklich zu machen. Eben so
168 2791 1173 2874 zaubert unsere Hexe sich ihr die Gunst ihrer Herr=
1198 1324 2193 1412 schaft; mithin auch den Neid ihrer Nebenbuhler auf.
246 1384 2191 1465 Ihrem grösten Feinde, dem Janker, baunt sie eine
183 1452 2191 1510 Liebe zu ihr, und Heirathssucht; folglich auch Haß
1191 1490 2193 1548 und Enterbung und eine dreyßigjährige Ehe auf. An
1191 1538 2193 1595 dem falschen Richter rächt sie sich mit der Gerechtig=
178 1580 2193 1651 keitsgabe, die ihm Armuth, Weiberhaß, Ungnade
178 1638 2191 1714 des Fürsten, und einen seligen Tod bringt. Dem
178 1691 2193 1764 Hofmeister flößt sie Fleiß und Wahrheitsliebe ein;
183 1791 2191 1852 einem Unterhalte bey unserer Hexe belohnt wird. Der
1196 1834 2191 1894 Advocat wider ihren Mann bekam Gewißenhaftig=
1188 1887 2188 1937 keit, und starb endlich den sanften Dorfschulmeister=
1198 1935 2191 1990 tod an Bauerschlägen. Ein Autor, der die poetisch=
1191 1980 2193 2033 moralische Schönheit unserer Here beneidete, erhielt
1186 2020 2188 2080 unerhörten Fleiß, und verlor Autorruff, und Brod,
1196 2073 2191 2123 und alles. So übt sie auf dem Landgut nachher ihre
1191 2118 2188 2171 Zauberey bis auf den Tod eines Mannes aus, von dem
1198 2163 2188 2224 sie keine Erben hat. — Um eine Zahl von vier Stücken,
1203 2208 2196 2274 (woran noch zwey an sechs Wochen fehlen,) vollzu¬
1191 2261 2188 2317 füllen, folgt zum Ehrengedächtniß ihres selgen Man¬
1196 2314 2186 2369 nes sein viersacher Tag und Nachttraum. Der Hof=
1188 2354 2193 2415 meister, der ihren Mann überlebt hat, versucht ein
1186 2409 2188 2467 metrisches Märchen vom Ritter mit dem Blasebalg;
1188 2452 2186 2512 und um den Zauberkreis zu schließen, folgt eine eigne
1186 2505 2188 2563 Beobachtung unsrer Here von Markofränschen. Da
1186 2550 2188 2623 die Länge und das System der Träume sehr von der
1188 2651 2191 2703 in dem andern schamhafte Personen, und alle ohne
1191 2696 2186 2751 Ursache. Statt den Originalton alter Frauen zu tref=
1196 2746 2191 2819 fen, verliert sich das Rittermärchen in unendlichen
1191 2794 2193 2882 Hofmeistervergleichungen, die ein: das war nun gut!
2088 2842 2201 2907 nicht
