2479 3508
291 363 350 423 wie
369 363 392 423 in
423 363 470 423 den
506 358 703 418 Thornschen
734 360 967 420 wöchentlichen
991 360 1200 420 Nachrichten
1224 357 1283 417 und

296 412 455 472 Anzeigen
493 404 582 464 unter
609 404 694 464 einem
742 404 879 464 Artickel
901 406 959 466 vom
1007 406 1139 466 hiesigen
1167 407 1230 467 Ort
1246 407 1293 467 er¬

299 458 407 518 zählet
424 452 521 512 wird.
549 449 602 509 Da
630 450 668 510 ich
695 452 771 512 mich
793 452 907 512 bereits
934 455 988 515 seit
1005 454 1124 514 einigen
1152 455 1281 515 Wochen

296 506 360 566 und
387 501 471 561 nicht
488 500 653 560 incognito
675 500 738 560 hier
760 500 936 560 aufhalte,
963 500 989 560 so
1011 502 1047 562 ist
1069 503 1128 563 mir
1150 503 1218 563 auch
1251 503 1298 563 be¬

294 551 416 611 kannt,
445 551 494 611 daß
529 548 578 608 des
612 548 818 608 Churfürstl.
836 548 958 608 Sächs.
986 551 1092 611 Herrn
1120 551 1293 611 Cabinets¬

303 598 489 658 ministers,
505 597 561 657 und
583 598 706 658 Ritters
728 598 773 658 des
795 598 903 658 weißen
935 598 1172 658 Adlerordens,
1188 597 1291 657 Herrn

306 646 367 706 von
399 644 522 704 Howen
548 641 667 701 Excell.
683 643 734 703 sich
760 644 816 704 vor
838 646 955 706 einiger
983 646 1049 706 Zeit
1070 646 1126 706 mit
1147 646 1270 706 mehrer

301 694 534 754 Curländschen
566 694 742 754 Edelleuten
774 692 882 752 allhier
904 691 1142 751 eingefunden,
1164 694 1220 754 und
1247 692 1293 752 als

298 742 479 802 Deputirte
506 742 559 802 der
586 742 778 802 Landschaft
805 739 863 799 bey
896 739 943 799 des
976 740 1119 800 Primas
1152 739 1295 799 Durchl.

308 792 453 852 Audienz
474 786 630 846 begehrt,
656 786 705 846 der
731 786 802 846 aber
823 786 913 846 unter
934 788 1034 848 keiner
1060 786 1175 846 andern
1206 786 1301 846 Qua¬

301 837 378 897 lität
395 835 477 895 ihren
509 832 623 892 Besuch
644 834 820 894 annehmen
852 834 981 894 wollen,
998 834 1044 894 als
1070 835 1153 895 wenn
1185 834 1220 894 sie
1237 831 1293 891 wie

311 885 403 945 bloße
425 882 698 942 Privatpersonen
730 882 755 942 zu
782 879 828 939 ihm
870 882 998 942 kämen,
1020 882 1097 942 weil
1118 879 1299 939 Beschwer¬

308 933 361 993 den
388 930 479 990 gegen
511 927 596 987 einen
618 927 735 987 Herzog
757 929 906 989 während
933 927 986 987 des
1002 930 1205 990 Interregni
1221 927 1301 987 nicht

302 975 495 1035 angebracht
515 975 636 1035 werden
665 975 800 1035 koͤnnen,
815 975 935 1035 sondern
965 972 1013 1032 von
1038 975 1081 1035 der
1101 975 1294 1035 cognitione

307 1022 389 1082 trium
433 1020 611 1080 ordinum,
640 1022 693 1082 des
727 1022 886 1082 Königs,
911 1019 964 1079 des
993 1020 1128 1080 Senats
1162 1021 1220 1081 und
1244 1019 1297 1079 des

313 1070 416 1130 Adels
448 1068 608 1128 abhängig
635 1070 717 1130 sind.
764 1067 841 1127 Wir
863 1066 961 1126 haben
992 1065 1054 1125 hier
1081 1069 1158 1129 zwar
1185 1067 1236 1127 von
1268 1062 1303 1122 ei¬

311 1119 367 1179 ner
399 1116 648 1176 Manifestation
680 1115 825 1175 gehört,
851 1114 960 1174 welche
987 1112 1079 1172 gegen
1122 1115 1168 1175 die
1195 1112 1298 1172 jetzige

312 1163 505 1223 Regierung
535 1160 733 1220 eingerichtet
753 1159 816 1219 seyn
847 1157 916 1217 soll,
936 1159 995 1219 und
1020 1157 1074 1217 von
1099 1159 1148 1219 der
1169 1160 1208 1220 ich
1238 1156 1301 1216 eine

311 1211 474 1271 Abschrift
491 1207 550 1267 mit
573 1207 653 1267 ihren
692 1204 931 1264 Unterschriften
970 1204 1078 1264 gelesen
1111 1204 1214 1264 habe,
1236 1201 1295 1261 wel

318 1261 369 1321 che
401 1258 457 1318 von
493 1258 611 1318 einigen
648 1257 750 1317 sechzig
787 1252 833 1312 bis
864 1252 1013 1312 siebenzig
1050 1251 1157 1311 viritim
1204 1249 1312 1309 unter¬

318 1309 466 1369 schrieben
499 1304 648 1364 worden.
696 1300 791 1360 Weil
819 1303 892 1363 aber
919 1301 967 1361 der
1000 1300 1079 1360 Adel
1106 1300 1132 1360 in
1160 1299 1302 1359 Curland

324 1360 401 1420 über
423 1357 478 1417 500
506 1357 583 1417 stark
606 1357 666 1417 ist,
684 1356 705 1416 so
739 1351 871 1411 gehören
905 1351 976 1411 eben
1005 1353 1087 1413 nicht
1115 1351 1175 1411 viel
1198 1351 1308 1411 Kirch=

323 1406 415 1466 spiele
436 1404 503 1464 dazu
534 1404 600 1464 jene
627 1404 714 1464 Zahl
730 1402 910 1462 zusammen
931 1402 956 1462 zu
982 1402 1136 1462 bringen.
1157 1399 1198 1459 Es
1224 1399 1296 1459 wiri

317 1455 386 1515 hier
411 1452 520 1512 täglich
545 1452 589 1512 ein
614 1450 906 1510 Landesdelegirter
931 1449 1094 1509 erwartet,
1119 1448 1168 1508 der
1194 1446 1247 1506 von
1277 1447 1316 1507 ei¬

316 1500 371 1560 nem
412 1500 573 1560 Landtage
594 1496 669 1556 seine
695 1497 907 1557 Abfertigung
933 1494 1089 1554 erhalten,
1105 1497 1225 1557 welcher
1246 1494 1296 1554 von

313 1548 366 1608 des
399 1548 547 1608 Herzogs
575 1545 676 1605 Ernst
703 1542 841 1602 Johann
874 1545 1017 1605 Durchl.
1040 1542 1311 1602 ausgeschrieben,

333 1597 387 1657 und
418 1594 473 1654 von
499 1596 533 1656 22
564 1593 770 1653 Kirchspielen
806 1590 951 1650 beschickt
977 1593 1031 1653 und
1062 1590 1197 1650 friedlich
1223 1590 1293 1650 geen

314 1643 403 1703 diget
427 1640 571 1700 worden.
623 1640 740 1700 Sollte
768 1637 829 1697 nun
858 1637 904 1697 die
924 1635 1129 1695 Instruction
1153 1634 1204 1694 der
1223 1631 1307 1691 soge¬

320 1730 372 1790 ben
397 1730 521 1790 worden
546 1725 627 1785 seyn,
648 1723 671 1783 so
696 1722 811 1782 müsten
840 1721 873 1781 48
908 1721 1100 1781 Kirchspiele
1115 1720 1138 1780 in
1168 1718 1307 1778 Curland

326 1778 419 1838 seyn.
466 1775 558 1835 Weil
580 1769 735 1829 gedachter
756 1769 839 1829 Herr
866 1766 1051 1826 Delegirter
1073 1766 1125 1826 bey
1151 1766 1202 1826 dem
1239 1766 1316 1826 Con¬

323 1822 706 1882 vocations=Reichstage
733 1817 813 1877 keine
840 1817 1004 1877 Geschafte
1021 1817 1116 1877 haben
1149 1817 1244 1877 kann,
1255 1817 1308 1877 und

329 1873 412 1933 seine
440 1870 551 1930 zeitige
574 1867 718 1927 Ankunft
735 1864 795 1924 nur
824 1864 846 1924 in
880 1864 929 1924 der
946 1864 1068 1924 Absicht
1085 1867 1246 1927 geschicht,
1263 1866 1296 1926 um

328 1921 381 1981 bey
413 1919 487 1979 allen
519 1915 682 1975 Vorfällen
720 1912 772 1972 für
794 1912 842 1972 die
864 1912 979 1972 Rechte
1001 1915 1048 1975 des
1075 1915 1223 1975 Herzogs
1250 1914 1308 1974 und

318 1969 370 2029 der
391 1966 526 2026 Stände
548 1962 740 2022 aufmerksam
777 1960 808 2020 zu
834 1963 928 2023 seyn:
944 1963 964 2023 so
991 1964 1063 2024 wird
1090 1966 1115 2026 er
1132 1963 1220 2023 wohl
1236 1963 1313 2023 nicht

334 2014 403 2074 eher
425 2014 473 2074 als
496 2012 566 2072 nach
593 2011 641 2071 der
658 2011 755 2071 Wahl
778 2011 826 2071 des
842 2013 967 2073 Königs
994 2015 1048 2075 bey
1070 2016 1124 2076 des
1146 2014 1307 2074 Primatis

330 2065 474 2125 Durchl.
498 2064 585 2124 unter
615 2063 712 2123 seinem
754 2064 922 2124 Character
952 2064 1021 2124 eine
1039 2064 1184 2124 Audienz
1208 2061 1317 2121 begeh¬

322 2117 411 2177 ren.

426 2187 562 2247 Auszug
585 2184 673 2244 eines
701 2181 901 2241 Schreibens
930 2183 984 2243 aus
1012 2186 1218 2246 Graudenz,

686 2227 740 2287 den
771 2229 806 2289 29
843 2229 957 2289 März.

370 2295 523 2355 Nachdem
559 2292 598 2352 ich
616 2291 667 2351 den
691 2291 822 2351 Landtag
845 2294 868 2354 in
891 2300 1080 2360 Stargardt
1092 2298 1320 2358 beygewohnt,

331 2344 457 2404 welcher
482 2342 529 2402 sich
560 2339 608 2399 den
633 2339 723 2399 22ten
748 2341 886 2401 anfieng,
905 2348 964 2408 und
983 2348 1031 2408 den
1062 2348 1152 2408 23ten
1176 2348 1309 2408 ziemlich

333 2395 470 2455 friedlich
498 2387 635 2447 endigte,
652 2387 747 2447 begab
774 2387 811 2447 ich
838 2392 906 2452 mich
939 2395 992 2455 auf
1013 2399 1060 2459 den
1088 2396 1326 2456 Generalland¬

327 2443 376 2503 tag
399 2442 471 2502 nach
494 2435 688 2495 Graudenz.
738 2435 799 2495 Ich
827 2436 899 2496 fand
922 2441 965 2501 die
988 2446 1238 2506 Versammlung
1261 2443 1293 2503 au

334 2489 566 2549 ßerordentlich
589 2483 684 2543 groß,
702 2482 758 2542 und
787 2482 842 2542 alle
860 2488 1057 2548 umliegende
1081 2491 1205 2551 Dörfer
1228 2491 1317 2551 ange¬

334 2539 427 2599 füllt.
472 2533 699 2593 Ohngeachtet
716 2530 765 2590 die
783 2527 910 2587 Gesetze
927 2536 1115 2596 verbieten,
1132 2541 1187 2601 daß
1215 2539 1314 2599 weder

334 2586 447 2646 Kron=
460 2584 529 2644 noch
555 2578 844 2638 Privat=Truppen
883 2575 932 2635 sich
958 2579 1008 2639 bey
1034 2584 1140 2644 solcher
1161 2587 1317 2647 Gelegen=

330 2633 395 2693 heit
419 2630 572 2690 einfinden
603 2629 709 2689 sollen,
727 2626 821 2686 belief
840 2625 886 2685 sich
917 2626 1100 2686 gleichwohl
1118 2632 1165 2692 die
1183 2635 1289 2695 Mann

334 2679 444 2739 schaft,
461 2676 571 2736 welche
594 2674 665 2734 viele
688 2676 876 2736 Senateurs
898 2672 953 2732 und
976 2676 1086 2736 andere
1103 2679 1213 2739 Herren
1242 2682 1313 2742 mit¬

320 2729 471 2789 gebracht
490 2724 612 2784 hatten,
630 2724 706 2784 über
730 2724 840 2784 2000.
888 2718 963 2778 Der
981 2724 1075 2784 Ruß.
1093 2727 1192 2787 Kays.
1204 2728 1314 2788 Gene¬

328 2778 509 2838 ral=Major
538 2772 748 2832 Chommotow
783 2769 868 2829 hatte
891 2766 947 2826 von
977 2772 1067 2832 seiner
1097 2776 1312 2836 Souveraine

328 2829 374 2889 die
403 2829 524 2889 Ordre,
542 2823 600 2883 alle
629 2823 779 2883 mögliche
809 2820 953 2880 Vorsicht
977 2820 1006 2880 zu
1047 2823 1226 2883 Erhaltung
1256 2826 1307 2886 der

1328 360 1469 420 dortigen
1500 363 1678 423 Magazine
1703 360 1936 420 anzuwenden,
1955 357 2034 417 ohne
2053 357 2102 417 den
2133 357 2305 417 geringsten

1329 406 1431 466 Anlaß
1454 407 1486 467 zu
1513 407 1633 467 einigen
1661 407 1883 467 Beschwerden
1911 406 1938 466 zu
1972 404 2085 464 geben.
2135 401 2184 461 Er
2200 401 2249 461 zog
2271 405 2319 465 da¬

1330 453 1381 513 her
1407 455 1453 515 bey
1485 453 1588 513 Zeiten
1615 455 1671 515 mit
1692 455 1790 515 seinen
1817 457 1966 517 Truppen
1998 452 2054 512 aus
2080 449 2173 509 dieser
2200 452 2323 512 Stadt,

1325 503 1387 563 und
1413 503 1574 563 vertraute
1590 503 1637 563 dem
1674 503 1792 563 dasigen
1820 503 2001 563 Magistrat
2017 500 2063 560 die
2080 497 2230 557 Kayserl.
2246 499 2318 559 Ma=

1330 551 1440 611 gazine
1463 549 1520 609 auf
1537 551 1637 611 einige
1664 551 1748 611 Tage
1775 552 1833 612 an.
1886 551 1981 611 Weil
2003 550 2035 610 er
2062 548 2130 608 aber
2162 545 2225 605 eine
2252 545 2315 605 sehr

1328 598 1502 658 zahlreiche
1534 598 1660 658 Menge
1687 598 1855 658 polnischer
1882 598 2029 658 Truppen
2061 595 2139 655 nicht
2161 595 2218 655 nur
2240 592 2308 652 nach

1329 645 1508 705 Graudenz
1530 646 1562 706 zu
1590 646 1725 706 defiliren
1753 646 1851 706 sahe,
1868 646 1998 706 sondern
2026 645 2096 705 auch
2124 640 2319 700 Kundschaft

1328 694 1514 754 eingezogen
1552 694 1658 754 hatte,
1686 691 1738 751 daß
1771 693 1797 753 in
1835 694 1883 754 der
1915 694 2026 754 Stadt
2053 691 2139 751 selbst
2161 690 2234 750 alles
2262 688 2320 748 mit

1329 740 1491 800 Soldaten
1525 742 1677 802 überfüllt
1694 742 1802 802 wäre;
1830 741 1856 801 so
1879 742 1998 802 schickte
2021 740 2047 800 er
2070 739 2156 799 einen
2184 736 2314 796 Officier

1330 786 1367 846 an
1394 789 1441 849 die
1463 789 1653 849 Senateurs
1681 788 1734 848 ab,
1761 788 1813 848 daß
1840 789 1951 849 selbige
1973 786 2020 846 die
2037 786 2228 846 Verfügung
2249 784 2323 844 tref¬

1330 837 1377 897 fen
1409 837 1572 897 möchten,
1589 837 1636 897 die
1663 837 1789 897 daselbst
1811 837 1990 897 befindliche
2012 836 2186 896 pohlnische
2213 833 2318 893 Trup¬

1333 882 1405 942 pen,
1431 882 1514 942 ihren
1545 882 1685 942 Gesetzen
1717 884 1841 944 gemäs,
1852 882 1882 942 zu
1909 882 2090 942 entfernen,
2101 882 2209 942 sonsten
2236 879 2323 939 wür¬

1331 929 1363 989 de
1385 927 1417 987 er
1445 929 1493 989 sich
1526 930 1694 990 gleichfalls
1722 930 1889 990 genöthigt
1912 930 1992 990 sehen
2031 930 2144 990 wieder
2172 927 2318 987 einzurü¬

1327 975 1411 1035 cken,
1431 973 1465 1033 um
1505 978 1554 1038 die
1574 978 1623 1038 ihm
1673 975 1875 1035 anvertraute
1901 977 2053 1037 Kayserl.
2069 975 2251 1035 Magazins
2272 975 2320 1035 ge¬

1333 1023 1389 1083 gen
1420 1022 1477 1082 alle
1503 1024 1632 1084 Gefahr
1658 1022 1689 1082 zu
1720 1022 1938 1082 entstehender
1964 1025 2113 1085 Unruhen
2145 1022 2243 1082 decken
2284 1022 2310 1082 zu

1335 1065 1476 1125 können.
1522 1070 1608 1130 Man
1644 1068 1699 1128 gab
1725 1070 1806 1130 zwar
1837 1070 1887 1130 die
1908 1071 2065 1131 Hofnung
2091 1072 2141 1132 ihm
2187 1070 2212 1130 zu
2243 1070 2323 1130 will¬

1335 1112 1479 1172 fahren;
1500 1115 1525 1175 er
1546 1117 1618 1177 sahe
1644 1115 1711 1175 aber
1737 1115 1851 1175 anstatt
1872 1118 1918 1178 der
1939 1118 1990 1178 ihm
2032 1118 2212 1178 zugesagten
2243 1117 2320 1177 Ent¬

1335 1160 1470 1220 fernung
1505 1160 1550 1220 die
1571 1160 1701 1220 Anzahl
1727 1163 1777 1223 der
1797 1163 1993 1223 pohlnischen
2019 1166 2190 1226 Trouppen
2215 1166 2320 1226 stünd¬

1337 1202 1390 1262 lich
1416 1207 1617 1267 anwachsen.
1667 1204 1740 1264 Der
1760 1204 1843 1264 Herr
1859 1207 2006 1267 General
2026 1213 2203 1273 Chomotow
2238 1212 2320 1272 wur¬

1337 1249 1370 1309 de
1394 1254 1451 1314 also
1476 1255 1662 1315 gezwungen
1692 1252 1739 1312 den
1768 1253 1859 1313 26ten
1888 1254 1998 1314 wieder
2018 1255 2041 1315 in
2070 1255 2118 1315 die
2133 1257 2242 1317 Stadt
2262 1258 2319 1318 ein¬

1335 1303 1510 1363 zurücken,
1526 1303 1582 1363 und
1614 1302 1706 1362 dieser
1733 1303 1913 1363 Einmarsch
1944 1300 1995 1360 der
2017 1301 2321 1361 Rußisch=Kayserl.

1335 1354 1505 1414 Trouppen
1532 1354 1567 1414 ist
1589 1354 1635 1414 als
1662 1351 1728 1411 eine
1744 1351 1936 1411 Hinderung
1968 1351 2019 1411 des
2051 1351 2227 1411 Landtages
2259 1348 2310 1408 von

1337 1404 1406 1464 eben
1445 1403 1500 1463 den
1535 1404 1726 1464 Senateurs
1757 1402 2003 1462 aufgenommen
2038 1399 2186 1459 worden,
2211 1396 2319 1456 welche

1336 1452 1449 1512 vorher
1483 1451 1537 1511 von
1575 1452 1624 1512 dem
1668 1454 1990 1514 Rußisch=Kayserl.
2012 1450 2164 1510 General
2181 1446 2322 1506 beschickt

1336 1500 1460 1560 wurden
1499 1500 1581 1560 durch
1608 1500 1821 1560 Einführung
1843 1500 1930 1560 ihrer
1958 1500 2077 1560 Völker
2099 1498 2148 1558 die
2171 1496 2322 1556 Freyheit

1335 1546 1386 1606 des
1413 1548 1589 1608 Landtages
1615 1548 1697 1608 nicht
1714 1548 1744 1608 zu
1771 1548 1910 1608 stöhren.
1957 1548 2035 1608 Der
2056 1548 2138 1608 Herr
2165 1542 2325 1602 General¬

1340 1593 1474 1653 erklärte
1495 1593 1541 1653 sich
1573 1596 1717 1656 hierauf,
1739 1596 1790 1656 daß
1821 1596 1847 1656 er
1868 1593 1971 1653 bereit
1992 1596 2080 1656 wäre
2106 1593 2153 1653 sich
2184 1593 2245 1653 mit
2272 1590 2328 1650 sei¬

1339 1634 1394 1694 nem
1437 1634 1539 1694 Corps
1563 1637 1595 1697 zu
1619 1637 1801 1697 entfernen,
1825 1640 1847 1700 so
1881 1638 1950 1698 bald
1979 1640 2025 1700 die
2059 1640 2175 1700 Herren
2208 1640 2324 1700 Sena¬

318 1688 455 1748 nannten
487 1682 703 1742 Abgesandten
730 1679 788 1739 von
815 1679 856 1739 21
873 1676 1083 1736 Kirchspielen
1111 1673 1311 1733 unterschrie=
1343 1675 1432 1735 teurs
1454 1676 1543 1736 ihren
1570 1676 1675 1736 eigene
1702 1679 1849 1739 Truppen
1882 1680 1929 1740 den
1956 1682 2103 1742 Rückzug
2130 1682 2309 1742 anbefehlen

1350 1722 1404 1782 und
1430 1724 1475 1784 die
1495 1724 1640 1784 Freyheit
1661 1724 1711 1784 des
1731 1726 1901 1786 Landtages
1922 1724 2007 1784 selbst
2028 1727 2142 1787 wieder
2158 1728 2308 1788 herstellen

1343 1775 1493 1835 würden.
1545 1773 1659 1833 Dieser
1685 1775 1789 1835 billige
1810 1775 1929 1835 Antrag
1961 1772 2064 1832 wurde
2090 1775 2157 1835 aber
2178 1776 2261 1836 nicht
2272 1778 2328 1838 an¬

1340 1825 1557 1885 genommen.
1605 1825 1679 1885 Des
1706 1825 1832 1885 Abends
1859 1825 1986 1885 stürmte
2008 1822 2076 1882 man
2103 1823 2150 1883 des
2177 1822 2325 1882 Kayserl.

1343 1874 1486 1934 Königl.
1513 1874 1782 1934 Generalmajors
1814 1875 1936 1935 Grafen
1974 1870 2233 1930 Poniatowski,
2254 1873 2312 1933 und

1343 1919 1395 1979 des
1428 1924 1528 1984 Herrn
1566 1924 1687 1984 Grafen
1724 1924 1777 1984 von
1815 1924 2010 1984 Prebendow
2048 1921 2228 1981 Wohnung
2260 1921 2312 1981 von

1338 1972 1451 2032 beyden
1484 1972 1623 2032 Seiten,
1650 1973 1706 2033 und
1733 1975 1779 2035 als
1806 1975 1857 2035 des
1878 1972 1977 2032 letzten
2009 1969 2190 2029 Marschall
2212 1969 2268 2029 mit
2289 1969 2325 2029 ei¬

1345 2020 1437 2080 nigen
1469 2023 1582 2083 andern
1613 2023 1716 2083 Polen
1747 2023 1803 2083 aus
1836 2022 1887 2082 dem
1928 2023 2031 2083 Hause
2052 2020 2176 2080 gieng,
2202 2017 2232 2077 um
2274 2017 2320 2077 die

1345 2070 1493 2130 Stöhrer
1520 2067 1567 2127 der
1589 2068 1779 2128 öffentlichen
1806 2069 1901 2129 Ruhe
1928 2070 2140 2130 abzuweisen,
2151 2067 2256 2127 wurde
2278 2064 2325 2124 sel¬

1346 2115 1435 2175 biger
1462 2116 1545 2176 nebst
1578 2115 1657 2175 einen
1700 2114 1799 2174 seiner
1832 2117 2011 2177 Gefährten
2048 2119 2117 2179 todt
2144 2118 2323 2178 geschossen.

1343 2165 1461 2225 Wegen
1503 2161 1600 2221 dieser
1632 2160 1833 2220 Unordnung
1875 2163 1931 2223 ließ
1967 2164 2018 2224 der
2055 2168 2137 2228 Herr
2174 2165 2323 2225 General

1348 2211 1559 2271 Chommutof
1581 2208 1649 2268 Lerm
1682 2208 1835 2268 schlagen,
1857 2208 1914 2268 und
1936 2209 1983 2269 kam
2022 2211 2106 2271 selbst
2122 2214 2180 2274 mit
2202 2213 2317 2273 einiger

1349 2259 1580 2319 Mannschaft,
1591 2253 1695 2313 welche
1712 2255 1764 2315 auf
1786 2255 1833 2315 die
1844 2255 2023 2315 unruhigen
2050 2257 2149 2317 Polen
2171 2258 2212 2318 ein
2234 2257 2328 2317 Lauf¬

1343 2307 1428 2367 feuer
1464 2304 1559 2364 gaben
1596 2300 1651 2360 und
1677 2300 1767 2360 solche
1793 2303 1930 2363 hiedurch
1966 2303 2178 2363 auseinander
2204 2303 2325 2363 jagten.

1345 2354 1413 2414 Bey
1441 2352 1562 2412 welcher
1589 2349 1802 2409 Gelegenheit
1824 2351 1834 2411 2
1861 2352 1966 2412 Mann
2005 2350 2057 2410 von
2095 2351 2147 2411 den
2180 2348 2317 2408 Rußisch

1346 2403 1491 2463 Kaiserl.
1519 2397 1671 2457 Truppen
1709 2402 1893 2462 geblieben,
1932 2402 1991 2462 und
2029 2399 2111 2459 einer
2138 2399 2327 2459 verwundet

1341 2452 1495 2512 worden.

1390 2581 1491 2641 Diese
1509 2576 1679 2636 Zeitungen
1703 2581 1816 2641 werden
1845 2581 2004 2641 Montags
2028 2584 2084 2644 und
2102 2590 2256 2650 Freytags
2273 2590 2307 2650 um

1339 2632 1370 2692 10
1397 2632 1456 2692 Uhr
1478 2623 1680 2683 Vormittags
1702 2626 1729 2686 im
1772 2629 1975 2689 Kanterschen
2002 2635 2183 2695 Buchladen
2211 2638 2328 2698 ausge¬

1345 2678 1459 2738 geben,
1470 2670 1557 2730 allwo
1574 2672 1638 2732 auch
1661 2675 1725 2735 noch
1748 2676 1796 2736 von
1819 2676 1867 2736 den
1889 2679 2020 2739 hiesigen
2042 2682 2123 2742 resp.
2134 2683 2319 2743 Liebhabern

1348 2727 1394 2787 die
1415 2718 1690 2778 Pránumeration
1721 2726 1778 2786 auf
1800 2725 1861 2785 dies
1887 2727 2006 2787 zweyte
2028 2730 2172 2790 Quartal
2194 2730 2251 2790 mit
2267 2730 2276 2790 2
2293 2728 2328 2788 fl.

1343 2770 1576 2830 angenommen
1619 2769 1722 2829 wird,
1759 2772 1971 2832 Auswärtige
1998 2775 2070 2835 aber
2102 2777 2237 2837 belieben
2274 2778 2320 2838 sich

1341 2822 1471 2882 deshalb
1499 2817 1548 2877 bey
1570 2818 1619 2878 dem
1652 2823 1805 2883 Postamt
1822 2823 1909 2883 ihres
1931 2823 2012 2883 Orts
2035 2826 2067 2886 zu
2089 2823 2231 2883 melden.
