2479 3508
296 311 1102 412 Mitgliede der Königl. Societät erwählt.
1135 311 1312 402 Der Kö=
293 397 1297 452 nig von Spanien hat der Universität zu Edimburg
296 442 1297 503 vier große Folianten von Kupferstichen geschenkt
296 490 1307 569 worinn alle Gemälde enthalten sind, die in dem Schutt
298 543 910 607 von Heraclea gefunden worden.
392 581 1238 660 Auszug eines Schreibens aus Graudentz,
652 629 973 700 vom 29 März.
344 667 1307 741 Da der Generallandtag von Preussen an unserm
296 718 1309 791 Ort auf den 27ten d. angesetzt gewesen; so wurden
296 784 1307 837 bereits den 18ten die Quartiere für die Senateurs
296 829 1304 892 allhier angeschrieben. Am 22ten traf der Herr Graf
306 877 1304 938 Poniatowski, Oesterreichscher General=Major und
303 928 1299 986 Bruder des Grafen Stollnick Poniatowski ein, und
306 971 1304 1031 reisete noch selben Tag zum Landtage nach polnisch
306 1019 1304 1074 Stargardt ab. Ihm wurden alle Honneurs von den
306 1072 1304 1127 Russen erwiesen, indem ihm ein Officier mit einem
306 1112 1302 1168 Commando bis auf 2 Meilen entgegen ritte, auch 2
303 1158 1312 1218 Mann zur Schildwache bekam. Den 23ten räumte
306 1203 1307 1266 der Ruß. Herr General Chommutof nebst seinen Sol
303 1254 1307 1317 daten die Stadt, und die beyden folgende Tage fand
298 1309 1312 1367 sich eine große Menge polnischer Herrschaften und Ad=
296 1360 1304 1410 lichen hieselbst ein. Am 25ten marchirten des Fürsten
298 1405 1297 1461 Radziwil Husaren und Dragoner durch die Stadt
298 1443 1307 1509 Ihre Anzahl belief sich auf 400 Mann. Am 26ten
298 1499 2330 1572 des Morgens traf der Herr Graf Poniatowski wie: weder hier oder in Marienburg gehalten werden dörfte.
296 1539 1307 1610 der ein. Der Rußische Herr General Chommutof
298 1605 1307 1653 kam nach der Stadt ihn zu besuchen, reisete aber ge
298 1648 1302 1704 gen Mittag wieder ab. Außer sehr vielen polnischen
296 1693 1307 1752 Senateurs und Reichsbeamten, die Einzöglinge von
298 1736 1307 1800 Preussen sind, als der Herr Woywod von Posen,
369 1779 1297 1837 Erst Jablonowsky, der Herr Woiwod von Kiop,
303 1830 1307 1880 Graf Potocki nebst dem Starosten Potocki, die Fürsten
308 1873 1304 1944 Radziwill, u. s. w. waren auch die gewöhnliche Ab¬
308 1913 1304 1984 geordnete der 3 großen Städte von Preussen zum
1112 1966 1302 2042 Nachmit=
306 1977 1049 2032 Landesrath insgesammt gegenwärtig.
306 2017 1302 2085 tags entstand ein großes Schrecken über die An=
306 2057 1302 2133 näherung der Rußischen Truppen, welche jedes Thor
296 2128 1292 2176 mit 40 bis 50 Mann besetzten, unterdessen der Herr
303 2161 1299 2232 General Chommutof selbst sein Quartier in der Stadt
303 2217 1294 2272 nahm und eine eben so starcke Wache bey sich hatte:
308 2260 1292 2320 die übrigen Truppen aber blieben rund um die Stadt
306 2318 1302 2378 und sind noch jetzt Tag und Nacht im Gewehr. Als
298 2348 1294 2421 am 27ten der Landtag eröfnet werden solte, ergieng
303 2406 1299 2467 durch Deputirte an den Ruß. General die Vorstellung,
296 2457 1297 2512 daß nach den Gesetzen kein Landtag in Beyseyn frem:
296 2505 1304 2565 der Truppen gehalten werden könnte. Der Herr Ge=
303 2558 1304 2613 neral Chommutof bequemte sich aber nicht die Stadt zu
303 2603 1302 2669 verlassen, unter dem Vorwand, einer den Magazin
303 2634 1294 2709 zu befürchtenden Gefahr von den vielen polnischen
296 2682 1304 2760 Herrschaftlichen Völkern, und versprach zugleich, daß
298 2745 1307 2800 durch seine Gegenwart dem Landtage nicht der gering
308 2780 1304 2851 ste Nachtheil zuwachsen würde. Man versammelte
296 2843 1307 2917 sich gegen 11 Uhr in der Kirche, und nach zweystün¬
1329 329 2340 409 digen Berathschlagungen kam es zum Entschluß, daß
1329 397 2338 445 wegen erwehnter Ursachen kein Landtag gehalten wer-
1329 445 2328 500 den könte. In der wiederholten Versammlung Nach-
1329 493 2330 546 mittags um 4 Uhr wurde dieser Schluß bestätigt, der
1332 541 2328 591 Landtag zerrissen und zugleich im hiesigen Richterl.
1951 586 2328 650 Einer von den Für=
1332 586 1903 645 Amte ein Manifest eingelegt.
1337 634 2333 695 sten Radziwil soll darauf gedrungen haben eine Con-
1337 685 2328 743 föderation auszuschreiben, morein aber der Culmsche
1332 730 2330 784 Woywod nicht gewilligt. Die Abgeordnete der Stadt
1332 786 2328 837 Danzig sind besonders vieler übeln Begegnung und
1332 832 2330 892 Gefahr ausgesetzt gewesen, weil die Starosten Czapski
1322 890 2330 940 und Wielczowski sich wegen gewisser Händel Genüge
1329 928 2330 986 thun wolten. Des Abends um 9 Uhr machte der kleine
1329 976 2330 1026 Adel, der den Kopf voll Weins hatte, auf dem Markte
1322 1016 2330 1082 Lermen, und griff so gar die vor dem Ruß. Gene
1332 1067 1812 1127 ral stehende Wache an.
1837 1062 2328 1125 Ungeachtet die Kugeln in
1329 1117 2325 1170 Häuser und Fenster flogen, ist außer 2 Edelleuten, die
1332 1165 2323 1223 geblieben, und 8 Verwundeten, sonst niemand Got
1329 1213 2325 1269 Lob! beschädigt, und von den Russen ist nur ein
1335 1261 2330 1317 einziger bleßirt worden. Weil der hier versamm¬
1335 1304 2330 1367 lete polnische Adel aus 2 Partheyen besteht, so glaubt
1329 1355 2328 1415 man, daß die zween Polen nicht von Russen sondern
1332 1403 2330 1461 von ihren eignen Gegenpart erschossen worden. Man
1342 1456 2330 1511 sagt, daß innerhalb 14 Tagen ein neuer Landtag ent¬
1635 1582 2032 1678 AVERTISSEMENT.
1375 1635 2330 1721 Bey dem Verleger dieser Zeitung ist zu haben:
1329 1696 2330 1762 Alb. de Haller disputationes medicae 7 Vol. 4 Laus.
1337 1754 2333 1817 70 fl. Ej. disputationes chirurgicae selectae, 5 Vol.
1329 1800 2330 1865 4 Amst. 55 fl. Zeitvertreibendes Lotteriespiel in 50
1332 1853 2333 1913 Sinnbildern und 50 Devisen 3 fl. Ebendaßelbe fran
1329 1906 2328 1979 zösisch 3 fl. 15 gr. Theologische Berichte von neuen
1342 1944 2325 2012 Büchern und Schriften, 2tes Stück, 8, Danz. 764,
1329 1997 2330 2073 15 gr. Schreger pax dea apud Graecos et Romanos
1332 2045 2328 2103 culta, 4 Lips. 763, 12 gr. Schauplatz der Künste und
1332 2095 2328 2161 Handwerke, herausgegeben von der franz. Academie
1335 2148 2325 2204 der Wissenschaften, und übersetzt vom Herrn von Ju
1335 2191 2325 2255 sti, 3ter Band, 4, Berl. 764, 16 fl. Diarium des von
1329 2239 2328 2292 dem Herzoge in Curland Ernst Johann ausgeschriebe
1329 2287 2328 2346 benen extraordinairen Landtages, 4, Mitau 764, 6 fl.
1335 2373 2323 2457 Wechsel-Cours & species d. 5. April. 1764.
1888 2426 2196 2512 71 Tage 173 gr.
1329 2421 1858 2517 Amsterdam 41 Tage 375 gr.
1893 2479 2156 2550 6 W. 162 gr.
1322 2482 1764 2563 Hamburg 3 W. 163 gr.
1787 2515 2166 2598 Dantzig 3 pr. Cto.
1327 2538 1458 2598 Berlin
1322 2553 1820 2659 Ducaten neue II fl. IOgt.
1860 2568 2277 2651 Alberts Taler 168 gr.
1332 2624 1650 2692 Rubel 4 fl. 23 gr.
1795 2621 2328 2697 Alt Polnisch Geld 40 pr. Cro.
1332 2661 2328 2742 Märcksch Geld 10 pr.C. Graumannsch Geld 35 pr. C.
1327 2758 2328 2828 Diese Gelehrte und Politische Zeitung wird des Montags
1428 2808 2232 2884 und Freytags in dem Kanterschen Buchladen
1714 2851 1939 2919 ausgegeben.
