2479 3508
390 363 626 423 Dresden,
649 357 695 417 den
730 354 781 414 15.
805 354 920 414 März.

170 456 236 516 eine
268 458 437 518 Academie
458 455 509 515 der
530 452 648 512 Künste
674 451 818 511 errichtet
844 452 900 512 und
926 452 972 512 der
998 449 1080 509 Herr
1101 446 1152 506 ge=
1184 449 1332 509 wahrlich
1359 446 1569 506 niedergelegt
1590 445 1734 505 worden.

165 506 268 566 heime
294 501 533 561 Legationsrath
564 497 616 557 von
642 498 813 558 Hagedorn
840 500 891 560 zum
928 497 1150 557 General=Di¬

169 553 267 613 rector
292 551 341 611 der
366 548 483 608 Künste
509 545 646 605 ernannt
667 547 813 607 worden.
829 548 932 608 Gleich
952 545 1016 605 nach
1036 545 1139 605 Ostern

168 597 247 657 wird
278 597 338 657 mit
369 595 419 655 dem
464 592 645 652 Unterricht
671 592 700 652 in
736 595 786 655 der
817 592 1027 652 Mahlerey,
1048 592 1148 652 Bild¬

174 640 780 700 hauer=Kupferstecher=Baukunst
802 643 844 703 rc.
872 643 920 703 der
942 640 1072 700 Anfang
1105 638 1153 698 ge=

159 691 269 751 macht
294 688 442 748 werden.

238 736 485 796 Frankfurt
528 736 557 796 am
613 736 745 796 Mayn,
770 736 830 796 vom
867 736 927 796 26.
952 736 1072 796 März.

220 779 293 839 Den
326 781 409 841 23ten
442 783 473 843 ist
495 781 542 841 der
564 784 801 844 Securitätseid
833 783 859 843 an
886 783 939 843 das
955 781 1034 841 hohe
1050 781 1155 841 Chur=

166 830 274 890 fürstl.
296 828 492 888 Collegium,
520 831 644 891 welchem
688 831 736 891 der
759 831 932 891 Churfürst
955 828 1009 888 von
1031 826 1150 886 Mainz

169 876 342 936 persönlich
370 879 598 939 beygewohnt,
620 877 674 937 von
701 879 750 939 dem
794 878 930 938 hiesigen
963 877 1049 937 Rath
1093 875 1152 935 und

159 927 345 987 gesammten
383 927 623 987 Bürgerschaft
645 924 810 984 abgelegt,
832 925 901 985 auch
929 922 976 982 die
993 924 1046 984 9te
1068 924 1152 984 Con¬

170 975 272 1035 ferenz
294 975 433 1035 gehalten
464 975 608 1035 worden,
619 975 727 1035 welche
753 975 794 1035 bis
820 972 907 1032 gegen
934 972 944 1032 3
965 972 1026 1032 Uhr
1048 972 1155 1032 dauer¬

157 1022 206 1082 te.
252 1022 331 1082 Den
361 1024 450 1084 24ten
480 1023 544 1083 war
575 1022 619 1082 die
644 1022 718 1082 10te
734 1019 927 1079 Conferenz,
952 1019 1022 1079 auch
1047 1019 1150 1079 wurde

168 1069 260 1129 unter
292 1072 483 1132 Trompeten
521 1070 577 1130 und
609 1069 842 1129 Paukenschall
869 1067 925 1127 auf
951 1067 993 1127 21
1019 1069 1148 1129 Plätzen

165 1118 195 1178 in
227 1118 278 1178 der
304 1119 433 1179 Stadt,
459 1118 510 1178 der
542 1120 592 1180 auf
624 1118 675 1178 den
712 1118 845 1178 nächsten
882 1115 1062 1175 Dienstag,
1094 1115 1145 1175 den

163 1163 256 1223 27ten
293 1166 324 1226 d.
345 1166 517 1226 bestimmte
548 1166 704 1226 Wahltag
737 1166 814 1226 kund
841 1164 996 1224 gemacht.
1044 1166 1090 1226 Um
1133 1163 1148 1223 6

168 1208 238 1268 Uhr
259 1210 319 1270 sind
345 1210 394 1270 der
420 1210 597 1270 Churfürst
617 1207 673 1267 von
699 1212 809 1272 Trier,
835 1211 895 1271 und
921 1210 971 1270 den
1002 1211 1098 1271 25ten
1123 1210 1153 1270 d.

168 1255 398 1315 Nachmittags
424 1255 459 1315 um
489 1255 504 1315 4
530 1255 594 1315 Uhr
620 1253 665 1313 der
686 1255 862 1315 Churfürst
882 1256 937 1316 von
958 1255 1063 1315 Cölln,
1088 1255 1158 1315 bey¬

164 1302 200 1362 de
224 1302 312 1362 unter
336 1299 523 1359 Abfeurung
551 1300 611 1360 125
635 1300 780 1360 Canonen
804 1301 939 1361 glücklich
968 1300 1159 1360 angelangt.

167 1345 240 1405 Den
270 1345 363 1405 24ten
393 1342 422 1402 d.
442 1342 569 1402 erhoben
600 1342 648 1402 sich
673 1342 761 1402 Ihro
786 1342 987 1402 Churfürstl.
1007 1342 1144 1402 Gnaden

170 1430 315 1490 Kaiserl.
336 1428 648 1488 Obrist=Cämmerer
675 1425 800 1485 Grafen
831 1428 886 1488 von
916 1428 1153 1488 Khevenhüller

170 1474 204 1534 an
240 1476 290 1536 dem
336 1473 456 1533 Schlag
493 1475 548 1535 der
578 1474 714 1534 Kutsche
745 1475 956 1535 empfangen.
1028 1474 1148 1534 Diesen

167 1524 376 1584 Nachmittag
405 1524 497 1584 haben
527 1524 573 1584 sich
609 1523 701 1583 Jhro
730 1524 933 1584 Churfürstl.
957 1524 1091 1584 Gnaden
1120 1522 1154 1582 rc.

168 1572 221 1632 von
259 1572 353 1632 Trier
386 1572 444 1632 und
476 1572 566 1632 Cölln
609 1572 683 1632 nach
715 1574 953 1634 Heussenstamm
1007 1572 1139 1632 erhoben

179 1618 263 1678 Ihro
286 1619 433 1679 Kaiserl.
462 1622 557 1682 Maj.
575 1622 631 1682 und
660 1622 704 1682 die
727 1622 868 1682 Durchl.
892 1624 1089 1684 Erzherzoge
1124 1625 1151 1685 zu

168 1672 431 1732 bewilkommen.
457 1673 555 1733 Unter
577 1673 689 1733 andern
721 1673 871 1733 Fremden
892 1676 995 1736 zählet
1011 1676 1077 1736 man
1109 1673 1155 1733 die

170 1715 299 1775 Fürsten
338 1718 391 1778 von
424 1724 597 1784 Waldeck,
625 1724 1014 1784 Solms=Braunsels,
1047 1725 1160 1785 Ligne,

173 1767 338 1827 Chemay,
359 1769 484 1829 Herzog
515 1771 569 1831 von
605 1769 862 1829 Ahrembergre.
887 1772 937 1832 den
968 1772 1163 1832 Neapolita¬

165 1811 282 1871 nischen
315 1817 549 1877 Abgesandten,
576 1815 698 1875 Herzog
726 1814 779 1874 von
811 1817 874 1877 St.
892 1817 1078 1877 Elisabeth,
1105 1819 1152 1879 den

170 1861 340 1921 spanischen
378 1861 622 1921 Bothschafter,
649 1858 777 1918 Grafen
809 1858 862 1918 von
905 1861 1075 1921 Mahoni,
1102 1867 1155 1927 den

170 1909 386 1969 schwedischen
422 1906 638 1966 Abgesandten
675 1901 803 1961 Grafen
840 1903 891 1963 von
927 1905 1040 1965 Bark.
1087 1912 1159 1972 Auf

169 1954 218 2014 den
252 1955 430 2015 prächtigen
460 1951 581 2011 Einzug
605 1948 660 2008 des
688 1948 901 2008 Churfürsten
940 1951 995 2011 von
1025 1957 1146 2017 Mainz

169 1999 211 2059 ist
233 2002 400 2062 folgendes
433 1996 692 2056 ungezwungnes
725 1999 978 2059 Chronologicon
1017 2003 1157 2063 gemacht

165 2047 331 2107 worden:

610 2091 703 2151 ADes

574 2139 754 2199 ELeCtor?

523 2189 611 2249 Intra
641 2187 676 2247 et
706 2187 800 2247 VIVe

487 2237 648 2297 EMerlCe
682 2240 811 2300 losephe
831 2237 843 2297 !

427 2333 571 2393 Haag,
605 2334 652 2394 den
694 2333 758 2393 18.
783 2336 903 2396 März.

218 2377 282 2437 Ein
324 2378 377 2438 aus
413 2381 613 2441 Petersburg
643 2383 867 2443 abgefertigter
897 2382 1032 2442 Courier
1063 2378 1150 2438 gieng

171 2421 230 2481 vor
252 2428 365 2488 einigen
399 2429 502 2489 Tagen
530 2429 594 2489 nach
627 2429 752 2489 London
791 2430 855 2490 hier
888 2431 997 2491 durch.
1041 2426 1154 2486 Seine

174 2472 351 2532 Depeschen
385 2474 468 2534 sollen
496 2474 545 2534 sich
569 2478 624 2538 auf
647 2476 690 2536 die
719 2479 929 2539 Erneuerung
963 2476 1013 2536 des
1047 2473 1157 2533 Hand¬

175 2519 411 2579 lungstractats
435 2522 596 2582 beziehen.
643 2523 718 2583 Der
736 2527 915 2587 Sächsische
933 2527 1001 2587 Hof
1019 2522 1088 2582 läßt
1100 2521 1146 2581 sich

175 2566 239 2626 sehr
262 2569 424 2629 angelegen
457 2569 517 2629 seyn
545 2572 587 2632 die
615 2572 777 2632 Schulden
800 2575 995 2635 abzuführen
1023 2574 1076 2634 und
1099 2569 1147 2629 den

168 2614 358 2674 öffentlichen
391 2614 500 2674 Credit
523 2617 571 2677 der
599 2619 723 2679 Steuer
751 2626 974 2686 herzustellen.
1018 2622 1061 2682 Zu
1095 2619 1159 2679 die¬

175 2661 221 2721 sem
257 2662 344 2722 Ende
366 2663 427 2723 sind
454 2663 515 2723 zwo
536 2665 696 2725 vertraute
727 2666 892 2726 Personen
924 2672 990 2732 nach
1022 2667 1160 2727 Amster¬

169 2712 223 2772 dam
258 2712 446 2772 abgeordnet
462 2711 605 2771 worden,
615 2712 649 2772 um
690 2712 754 2772 eine
774 2720 923 2780 Summe
938 2721 992 2781 von
1017 2715 1145 2775 150000

175 2763 226 2823 Fl.
250 2761 429 2821 Bancogeld
458 2761 486 2821 zu
516 2763 527 2823 3
562 2762 614 2822 pro
643 2760 741 2820 Cent=
747 2772 1001 2832 aufzunehmen.
1048 2766 1151 2826 Diese

173 2814 324 2874 Summe
355 2812 397 2872 ist
422 2811 543 2871 bereits
574 2814 835 2874 dargeschossen,
885 2823 944 2883 und
987 2821 1042 2881 zur
1079 2817 1163 2877 Ver¬

1183 352 1335 412 sicherung
1364 354 1511 414 Juwelen
1546 351 1620 411 über
1643 351 1653 411 2
1682 353 1846 413 Millonen
1875 351 1926 411 Fl.
1943 351 1971 411 an
2001 348 2113 408 Werth
2131 348 2152 408 in

218 407 293 467 Von
318 412 368 472 des
387 413 493 473 Herrn
519 404 787 464 Administrators
806 404 949 464 Königl.
963 403 1093 463 Hoheit,
1107 398 1143 458 ist
1182 399 1231 459 die
1263 398 1375 458 Banke
1407 399 1450 459 bis
1482 398 1513 458 zu
1545 398 1719 458 gänzlicher
1751 399 2076 459 Wiederbezahlung,
2095 400 2163 460 ver¬

1429 494 1586 554 Paris,
1609 494 1660 554 den
1699 495 1758 555 19.
1788 497 1900 557 Merz.

1223 540 1302 600 Den
1331 542 1420 602 11ten
1449 542 1545 602 dieses
1579 542 1765 602 präsentirte
1794 545 1844 605 der
1879 545 2075 605 Abgesandte
2099 542 2155 602 von

1180 589 1312 649 Malta,
1339 589 1444 649 Baley
1466 588 1518 648 von
1545 586 1708 646 Froullay,
1719 589 1766 649 den
1788 589 1893 649 Ritter
1909 589 1961 649 von
1988 592 2167 652 Belmond,

1172 637 1299 697 welcher
1321 637 1347 697 im
1385 637 1512 697 Namen
1539 634 1592 694 des
1619 634 1858 694 Großmeisters
1885 639 1975 699 Ihro
2002 638 2097 698 Maj.
2119 637 2161 697 die

1180 685 1290 745 Falken
1316 682 1527 742 überreichte,
1553 682 1663 742 womit
1684 682 1734 742 der
1754 682 2031 742 Maltheserorden
2052 685 2157 745 unsern

1178 733 1285 793 König
1313 731 1356 791 ein
1384 730 1616 790 gewöhnliches
1639 730 1795 790 Geschenk
1823 730 1942 790 macht.
1991 729 2158 789 Deßelben

1180 778 1308 838 Abends
1345 778 1427 838 nahm
1474 781 1525 841 der
1546 778 1649 838 König
1676 778 1721 838 die
1748 778 1943 838 Deputation
1975 775 2021 835 des
2047 776 2170 836 Parla¬

1182 825 1287 885 ments
1312 823 1368 883 von
1399 828 1448 888 der
1469 828 1676 888 Normandie
1697 827 1751 887 an.
1802 825 1878 885 Der
1899 822 1973 882 erste
1994 821 2170 881 President

1180 871 1349 931 desselben,
1371 875 1455 935 Herr
1472 875 1524 935 von
1557 876 1758 936 Miromenil
1780 873 1848 933 that
1865 874 1907 934 die
1929 873 2071 933 Anrede,
2088 870 2172 930 wor¬

1180 922 1236 982 auf
1258 919 1329 979 Se.
1351 921 1444 981 Maj.
1470 924 1708 984 antworteten:
1740 924 1818 984 „daß
1849 924 1895 984 die
1922 920 2165 980 Niederlegung

1179 971 1273 1031 „dero
1298 970 1510 1030 Parlements
1540 971 1599 1031 von
1634 969 1748 1029 Rouen
1783 972 1812 1032 in
1847 972 1921 1032 allen
1956 969 2178 1029 Betrachtun¬

1185 1021 1259 1081 „gen
1286 1018 1450 1078 unleidlich
1477 1020 1577 1080 wäre,
1605 1019 1630 1079 es
1657 1019 1731 1079 solte
1763 1019 1837 1079 aber
1865 1019 1938 1079 alles
1976 1016 2171 1076 Geschehene

1183 1071 1231 1131 „in
1264 1065 1509 1125 Vergessenheit
1542 1065 1689 1125 gestellt,
1722 1067 1793 1127 auch
1832 1067 1875 1127 die
1908 1067 1918 1127 2
1951 1068 2098 1128 Schlüsse
2121 1067 2174 1127 des

1181 1114 1338 1174 „Raths,
1360 1117 1473 1177 welche
1496 1117 1544 1177 der
1566 1115 1691 1175 Herzog
1713 1115 1767 1175 von
1794 1115 1962 1175 Harcourt
1984 1112 2006 1172 in
2033 1114 2082 1174 die
2109 1112 2174 1172 Ge¬

1180 1160 1413 1220 „richtsbücher
1440 1166 1601 1226 eintragen
1627 1163 1741 1223 lassen,
1762 1163 1990 1223 ausgestrichen
2022 1160 2172 1220 werden;

1193 1213 1240 1273 „zu
1272 1210 1399 1270 welchem
1442 1213 1532 1273 Ende
1554 1210 1627 1270 Se.
1654 1210 1750 1270 Maj.
1777 1210 1845 1270 ihre
1878 1207 2090 1267 Declaration
2117 1206 2185 1266 ein¬

1186 1257 1318 1317 „senden
1353 1255 1509 1315 würden,
1544 1255 1735 1315 unterdessen
1775 1255 1828 1315 das
1863 1255 2063 1315 Parlament
2093 1254 2171 1314 seine

1181 1300 1546 1360 „Amtsverrichtungen
1570 1300 1758 1360 ungesaumt
1772 1300 1885 1360 wieder
1899 1297 2035 1357 obliegen
2059 1297 2167 1357 solte.,

1176 1339 1249 1399 Den
1281 1342 1478 1402 Deputirten
1511 1341 1561 1401 des
1589 1342 1800 1402 Parlements
1828 1342 1933 1402 wurde
1961 1342 2002 1402 ein
2026 1344 2167 1404 Nachlaß

171 1387 199 1447 zu
232 1387 347 1447 Mainz
371 1386 436 1446 nach
469 1385 738 1445 Heussenstamm,
767 1384 822 1444 und
856 1384 962 1444 wurde
986 1384 1069 1444 durch
1097 1381 1143 1441 den
1191 1384 1251 1444 von
1279 1382 1325 1442 dem
1367 1384 1441 1444 Don
1470 1384 1609 1444 Gratuit
1628 1384 1679 1444 der
1698 1386 1818 1446 Städte
1837 1387 1921 1447 ihrer
1945 1385 2093 1445 Provinz
2117 1390 2181 1450 ver¬

1187 1428 1358 1488 sprochen,
1384 1428 1444 1488 mit
1475 1428 1525 1488 der
1551 1428 1798 1488 Versicherung,
1824 1432 1879 1492 daß
1915 1432 1955 1492 ein
1991 1434 2091 1494 Theil
2122 1434 2172 1494 des

1180 1473 1311 1533 übrigen
1338 1475 1480 1535 Betrags
1501 1476 1552 1536 zum
1588 1476 1700 1536 Besten
1726 1479 1777 1539 der
1792 1480 1981 1540 Hospitäler
2002 1479 2180 1539 verwendet

1187 1524 1303 1584 werden
1336 1524 1436 1584 sollte.
1485 1524 1563 1584 Hier
1591 1527 1733 1587 befindet
1755 1527 1798 1587 sich
1830 1529 1882 1589 seit
1904 1529 2026 1589 etlichen
2053 1530 2180 1590 Mona¬

1187 1575 1231 1635 ten
1260 1572 1311 1632 der
1334 1575 1617 1635 Music=Direktor
1641 1575 1686 1635 des
1715 1578 1913 1638 Erzbischofs
1937 1577 1965 1637 zu
1994 1578 2174 1638 Salzburg,

1185 1622 1242 1682 mit
1264 1624 1273 1684 2
1305 1625 1446 1685 Kindern
1473 1625 1530 1685 von
1562 1625 1609 1685 der
1631 1626 1876 1686 angenehmsten
1898 1628 2065 1688 Bildung.
2097 1628 2185 1688 Sei¬

1186 1673 1223 1733 ne
1245 1673 1381 1733 Tochter
1403 1675 1457 1735 von
1490 1676 1528 1736 11
1556 1676 1681 1736 Jahren
1709 1677 1800 1737 spielt
1817 1676 1871 1736 das
1894 1676 2024 1736 Klavier
2046 1676 2067 1736 in
2095 1676 2181 1736 Voll¬

1188 1724 1426 1784 kommenheit.
1472 1727 1561 1787 Sein
1591 1726 1692 1786 Sohn
1721 1724 1766 1784 J.
1778 1727 1823 1787 G.
1835 1727 2010 1787 Wolfgang
2033 1727 2179 1787 Mozart,

1195 1775 1232 1835 ist
1253 1774 1269 1834 7
1296 1774 1385 1834 Jahr
1407 1775 1454 1835 alt
1476 1775 1534 1835 und
1561 1773 1603 1833 ein
1635 1775 1756 1835 wahres
1783 1777 1952 1837 Wunder.
1974 1775 2022 1835 Er
2044 1778 2101 1838 hat
2123 1777 2175 1837 alle

1188 1819 1356 1879 Kenntniß
1384 1819 1438 1879 und
1466 1822 1639 1882 Fertigkeit
1667 1822 1754 1882 eines
1787 1824 2065 1884 Capellmeisters,
2087 1824 2179 1884 führt

1187 1864 1272 1924 nicht
1298 1864 1358 1924 nur
1389 1866 1440 1926 die
1476 1867 1632 1927 schwerste
1663 1867 1820 1927 Concerte
1856 1870 1906 1930 der
1943 1873 2170 1933 berühmtesten

1191 1909 1329 1969 Meister
1354 1908 1383 1968 in
1408 1909 1536 1969 Europa
1566 1912 1625 1972 mit
1640 1915 1867 1975 erstaunender
1892 1918 1995 1978 Kunst
2015 1918 2089 1978 aus,
2114 1920 2187 1980 son¬

1191 1955 1262 2015 dern
1292 1954 1469 2014 componirt
1489 1957 1555 2017 auch
1585 1957 1686 2017 selbst,
1710 1963 1945 2023 extemporisirt
1965 1965 2056 2025 ganze
2076 1965 2186 2025 Stun¬

1195 2003 1244 2063 den
1275 2002 1366 2062 lang,
1392 1999 1523 2059 schreibt
1538 2002 1629 2062 unter
1650 2002 1730 2062 jedem
1776 2007 1882 2067 Stück
1908 2011 1958 2071 den
1989 2011 2084 2071 Baß,
2100 2011 2180 2071 ohne

1186 2048 1320 2108 Clavier
1345 2042 1411 2102 noch
1441 2040 1551 2100 Violin
1580 2043 1609 2103 zu
1638 2048 1811 2108 brauchen,
1845 2049 2090 2109 accompagnirt
2119 2055 2176 2115 alle

1185 2096 1278 2156 Arien
1310 2093 1371 2153 nach
1403 2091 1450 2151 dem
1497 2090 1631 2150 Gehör,
1652 2090 1709 2150 und
1736 2091 1907 2151 verändert
1928 2097 2021 2157 dabey
2053 2099 2115 2159 mit
2126 2100 2172 2160 der

1193 2141 1306 2201 grösten
1336 2136 1664 2196 Mannigfaltigkeit.
1722 2141 1841 2201 Seine
1864 2143 2000 2203 Uebung
2029 2145 2085 2205 auf
2109 2150 2159 2210 dem

1193 2189 1322 2249 Clavier
1355 2184 1387 2244 ist
1415 2184 1441 2244 so
1469 2190 1572 2250 stark,
1600 2190 1653 2250 daß
1686 2193 1751 2253 man
1789 2193 1832 2253 die
1855 2195 1973 2255 Claves
2007 2196 2066 2256 mit
2093 2199 2174 2259 einer

1197 2234 1365 2294 Serviette
1392 2233 1530 2293 bedecken
1562 2240 1656 2300 kann,
1683 2241 1762 2301 ohne
1795 2242 1852 2302 daß
1884 2243 1936 2303 ihn
1964 2243 2027 2303 dies
2054 2247 2180 2307 hindert

1189 2282 1254 2342 mit
1266 2282 1387 2342 gleicher
1410 2284 1598 2344 Richtigkeit
1615 2291 1670 2351 und
1692 2294 1980 2354 Geschwindigkeit
2003 2297 2030 2357 zu
2053 2297 2179 2357 spielen.

1187 2327 1235 2387 Er
1268 2329 1327 2389 hat
1355 2329 1397 2389 die
1430 2333 1516 2393 Ehre
1549 2339 1673 2399 gehabt
1706 2342 1754 2402 bey
1792 2345 1975 2405 anderthalb
2013 2347 2169 2407 Stunden

1187 2378 1256 2438 lang
1292 2378 1338 2438 die
1362 2378 1467 2438 Orgel
1485 2385 1513 2445 in
1537 2387 1589 2447 der
1613 2392 1753 2452 Königl.
1777 2394 1910 2454 Capelle
1934 2395 1969 2455 zu
1998 2393 2173 2453 Versailles

1181 2431 1213 2491 zu
1242 2426 1397 2486 schlagen,
1420 2431 1481 2491 und
1509 2435 1553 2495 die
1576 2438 1753 2498 Prinzeßin
1788 2440 1932 2500 Victoire
1955 2439 2010 2499 hat
2038 2441 2088 2501 die
2116 2443 2177 2503 Zu¬

1186 2473 1320 2533 eignung
1354 2478 1472 2538 einiger
1494 2485 1673 2545 Sonaten,
1695 2489 1808 2549 welche
1830 2490 1965 2550 ehestens
1998 2485 2025 2545 im
2063 2488 2171 2548 Druck

1185 2521 1354 2581 erscheinen
1386 2526 1524 2586 werden,
1550 2534 1606 2594 von
1645 2539 1744 2599 diesem
1790 2536 2034 2596 siebenjährigen
2073 2539 2172 2599 Autor

1183 2572 1334 2632 gnädigst
1357 2581 1591 2641 aufzunehmen
1624 2585 1776 2645 geruhet.

1289 2624 1423 2684 Auszug
1449 2630 1534 2690 eines
1559 2632 1762 2692 Schreibens
1793 2635 1854 2695 aus
1879 2633 2081 2693 Warschau,

1549 2680 1602 2740 den
1630 2679 1645 2739 2
1673 2679 1791 2739 Aprill.

1241 2714 1317 2774 Wir
1346 2721 1444 2781 wißen
1473 2726 1543 2786 hier
1565 2730 1691 2790 nichts,
1706 2727 1804 2787 weder
1833 2727 1889 2787 von
1925 2727 2009 2787 einer
2031 2724 2178 2784 Gesand¬

1197 2766 1286 2826 schaft
1317 2768 1365 2828 der
1390 2776 1618 2836 Curländschen
1649 2775 1799 2835 Stände,
1818 2775 1884 2835 noch
1915 2775 1968 2835 von
1999 2773 2083 2833 ihren
2108 2769 2174 2829 Be¬

1198 2817 1361 2877 schwerden
1393 2824 1481 2884 gegen
1507 2829 1557 2889 des
1583 2828 1727 2888 Herzogs
1747 2826 1846 2886 Ernst
1867 2823 2023 2883 Johann,
2037 2817 2174 2877 Durchl.

2096 2867 2167 2927 wie
