2479 3508
155 368 259 428 nenen
279 362 423 422 Arbeiten
451 348 648 408 vollkommen
668 340 779 400 gleich,
800 339 859 399 und
886 339 924 399 die
945 339 1023 399 letzte
1037 342 1128 402 Hand

160 413 214 473 die
247 410 340 470 diesem
378 401 493 461 Werke
521 393 591 453 noch
618 386 771 446 angelegt
788 387 940 447 worden,
962 389 1049 449 nicht
1072 386 1142 446 eben

163 460 233 520 sehr
260 454 403 514 kenntlich
430 448 455 508 zu
482 437 637 497 vermißen
671 434 735 494 sey;
762 435 885 495 ferner,
905 437 950 497 daß
984 437 1022 497 die
1042 437 1146 497 Para¬

145 506 269 566 sphrase
296 501 349 561 des
370 494 468 554 Herrn
496 482 799 542 Consistorialraths
820 485 879 545 und
899 487 1137 547 Hofpredigers

163 551 300 611 Masch,
321 542 432 602 welche
459 533 524 593 aber
545 530 683 590 gänzlich
710 530 748 590 die
775 533 1071 593 Baumgartensche
1092 533 1137 593 Er

165 596 303 656 klärung
335 588 384 648 zum
435 579 573 639 Grunde
599 579 687 639 legt,
713 580 781 640 auch
807 580 875 640 ihre
901 580 969 640 gute
995 580 1145 640 Vorzüge

171 641 270 701 habe,
290 635 345 695 das
365 629 464 689 ganze
484 622 577 682 Werk
597 625 646 685 der
672 628 891 688 Durchlesung
923 628 1016 688 vieler
1048 625 1147 685 ange¬

155 684 290 744 bhenden
319 675 494 735 Theologen
534 673 731 733 empfehlen.
777 678 828 738 Es
857 673 935 733 wird
959 675 1026 735 auch
1055 676 1144 736 unter

154 730 283 790 andern
311 723 402 783 dieses
435 721 483 781 den
516 721 618 781 Lesern
646 721 694 781 zum
743 721 937 781 Vergnügen
975 724 1147 784 gereichen,

162 778 248 838 wenn
278 775 312 835 sie
336 769 417 829 sehen
446 769 504 829 wie
528 771 597 831 drey
621 772 772 832 Männer
796 773 853 833 auf
871 775 940 835 eben
964 774 1016 834 der
1040 772 1138 832 Bahn

402 915 591 975 Berlin,
617 915 671 975 den
712 917 782 977 27.
806 915 917 975 Merz.

212 960 286 1020 Auf
307 963 537 1023 Veranlassung
565 963 612 1023 der
640 963 700 1023 von
735 963 788 1023 der
816 963 965 1023 Königl.
979 963 1148 1023 Academie

155 1007 214 1067 der
242 1010 490 1070 Wissenschaften
523 1010 544 1070 im
594 1010 723 1070 Namen
756 1009 809 1069 des
842 1010 1150 1070 Ober=Directorii
1183 1018 1280 1078 Hoh.
1297 1016 1350 1076 des
1373 1021 1519 1081 Durchl.
1536 1022 1779 1082 Cronprinzens
1801 1022 1860 1082 und
1882 1022 2081 1082 Erzherzogs
2109 1018 2173 1078 Jo¬

154 1056 386 1116 ausgestellten
407 1058 572 1118 Aufgabe,
583 1060 629 1120 die
639 1058 840 1118 Stubenofen
867 1058 918 1118 auf
934 1058 985 1118 das
1006 1061 1119 1121 sparsam

169 1103 208 1163 ste
229 1104 279 1164 für
304 1106 354 1166 das
385 1106 471 1166 Holz
506 1106 743 1166 einzurichten,
774 1106 879 1166 verlas
905 1106 955 1166 der
976 1108 1061 1168 Herr
1086 1108 1141 1168 von

162 1154 357 1214 Beausobre
389 1154 440 1214 bey
461 1154 507 1214 der
523 1154 620 1214 letzten
642 1154 765 1214 öffentl.
776 1154 1023 1214 Versammlung
1044 1157 1146 1217 einige

167 1201 432 1261 Betrachtungen
463 1198 533 1258 über
559 1200 603 1260 die
629 1201 840 1261 verschiedene
865 1201 1056 1261 Materien,
1076 1204 1151 1264 wel¬

166 1246 211 1306 che
236 1246 286 1306 dem
326 1246 426 1306 Feuer
456 1246 511 1306 zur
541 1246 706 1306 Nahrung
746 1246 875 1306 dienen.

931 1249 1025 1309 Herr
1048 1249 1153 1309 Prof.

168 1291 301 1351 Formey
326 1291 435 1351 theilte
460 1290 588 1350 hierauf
613 1291 656 1351 ein
695 1291 924 1351 Promemoria
953 1294 1005 1354 des
1039 1292 1139 1352 Herrn

157 1336 376 1396 Mauritius,
405 1333 582 1393 Ministers
615 1333 666 1393 der
695 1333 956 1393 Generalstaaten
999 1336 1049 1396 bey
1083 1333 1129 1393 dem

163 1380 465 1440 Niedersächsischen
504 1375 623 1435 Kreyse
653 1375 724 1435 mit,
749 1375 844 1435 worin
879 1375 970 1435 dieser
994 1377 1147 1437 Gelehrte

160 1425 207 1485 ein
239 1422 462 1482 holländisches
484 1419 579 1479 Werk
601 1422 797 1482 ankündigt,
819 1422 872 1482 das
899 1422 925 1482 zu
952 1422 1127 1482 Amsterdam

169 1470 249 1530 schon
274 1470 364 1530 unter
390 1468 435 1528 der
466 1467 576 1527 Presse
597 1467 657 1527 ist,
688 1468 788 1528 worin
829 1470 919 1530 unter
950 1470 1060 1530 andern
1101 1470 1146 1530 die

158 1516 228 1576 drey
256 1518 310 1578 von
338 1518 386 1578 der
403 1518 572 1578 Akademie
589 1518 801 1578 aufgegebene
824 1518 943 1578 Fragen
976 1518 1150 1578 untersucht

160 1566 312 1626 werden;
334 1569 465 1629 nemlich
498 1566 584 1626 wenn
623 1566 672 1626 die
700 1569 967 1629 Oberherrschaft
995 1569 1043 1629 der
1071 1569 1152 1629 grie¬

166 1618 292 1678 chischen
328 1616 437 1676 Kaiser
466 1618 605 1678 gänzlich
640 1618 662 1678 in
704 1619 772 1679 Rom
813 1619 1009 1679 aufgehört,
1033 1620 1142 1680 welche

161 1667 454 1727 Regierungsform
494 1667 565 1727 ihre
593 1667 704 1727 Stelle
732 1670 859 1730 daselbst
893 1670 1131 1730 eingenommen

164 1720 225 1780 und
248 1718 269 1778 zu
298 1719 419 1779 welcher
437 1718 503 1778 Zeit
520 1718 564 1778 sich
587 1718 630 1778 die
642 1718 769 1778 Gewalt
787 1718 836 1778 der
853 1718 975 1778 Päbste
992 1721 1147 1781 festgesetzt

161 1766 243 1826 hat?
294 1766 399 1826 Diese
416 1766 732 1826 Ankündigunghält
750 1766 811 1826 man
839 1764 883 1824 für
906 1766 978 1826 desto
995 1769 1138 1829 nöthiger

157 1814 272 1874 damit
293 1816 358 1876 man
389 1814 469 1874 nicht
490 1813 559 1873 nach
591 1811 641 1871 der
666 1811 762 1871 Hand
788 1811 918 1871 glauben
944 1811 1060 1871 möge,
1091 1817 1145 1877 daf

162 1858 247 1918 Herr
268 1861 459 1921 Mauricius
475 1856 522 1916 sich
544 1855 570 1915 zu
592 1855 687 1915 seiner
703 1852 814 1912 Arbeit
830 1853 994 1913 diejenigen
1021 1859 1143 1919 Schrif

159 1904 210 1964 ten
231 1909 354 1969 bedient
375 1906 467 1966 habe,
494 1903 534 1963 die
556 1900 601 1960 der
617 1900 782 1960 Academie
804 1900 994 1960 eingeschickt
1010 1906 1127 1966 worden

160 1954 233 2014 Der
262 1954 347 2014 Herr
376 1948 483 2008 Prof.
507 1945 563 2005 von
592 1945 746 2005 Castillon
792 1945 899 2005 verlas
934 1948 1047 2008 endlich
1082 1951 1149 2011 eine

163 1999 342 2059 Nachricht
372 1995 429 2055 aus
471 1992 627 2052 Surinam
679 1990 737 2050 von
778 1993 864 2053 einem
918 1996 1143 2056 vollkommnen

171 2043 286 2103 weissen
320 2040 447 2100 Neger,
464 2038 552 2098 dessen
574 2037 674 2097 Vater
691 2040 746 2100 und
769 2040 895 2100 Mutter
918 2041 995 2101 ganz
1018 2043 1150 2103 schwarz

169 2089 246 2149 sind,
262 2089 313 2149 und
334 2088 385 2148 von
411 2088 488 2148 einen
515 2088 622 2148 andern
644 2091 762 2151 Neger,
772 2090 813 2150 der
829 2091 906 2151 samt
922 2088 1014 2148 seiner
1030 2091 1143 2151 ganzen

165 2136 321 2196 Familie,
338 2136 385 2196 die
408 2138 461 2198 auf
483 2138 564 2198 einem
602 2138 709 2198 Dorfe
732 2139 861 2199 ziemlich
883 2139 958 2199 weit
975 2139 1023 2199 von
1045 2139 1152 2199 Para¬

167 2187 295 2247 marino
311 2185 434 2245 wohnt,
460 2187 516 2247 nur
533 2184 594 2244 vier
615 2189 728 2249 Finger
749 2190 780 2250 an
801 2190 852 2250 der
878 2187 970 2247 Hand
986 2187 1042 2247 und
1063 2187 1119 2247 kein

160 2234 320 2294 Daumen
343 2234 409 2294 hat.
443 2236 531 2296 Sein
554 2236 614 2296 Fuß
643 2236 698 2296 hat
721 2234 770 2294 bis
792 2237 848 2297 auf
871 2236 914 2296 die
937 2234 1053 2294 Ballen
1081 2234 1147 2294 eine

163 2287 340 2347 natürliche
368 2285 514 2345 Gestalt,
536 2285 666 2345 hierauf
688 2287 888 2347 verwandelt
905 2285 932 2345 er
954 2282 1002 2342 sich
1030 2282 1056 2342 in
1084 2282 1148 2342 eine

166 2336 413 2396 Krebsscheere,
436 2336 496 2396 und
513 2333 557 2393 die
574 2330 684 2390 großen
707 2336 805 2396 Zehen
828 2335 943 2395 machen
966 2333 1010 2393 die
1033 2330 1148 2390 gröste,

163 2384 212 2444 die
246 2384 356 2444 kleinen
384 2381 483 2441 Zehen
511 2381 555 2441 die
589 2379 716 2439 kleinste
738 2384 881 2444 Scheere
899 2381 975 2441 aus.

336 2429 649 2489 Halberstadt,
679 2429 735 2489 den
770 2432 832 2492 16.
861 2432 980 2492 März.

213 2474 278 2534 Zur
302 2476 491 2536 Bezahlung
515 2476 592 2536 aller
605 2476 794 2536 währenden
818 2481 947 2541 Krieges
973 2476 1137 2536 gemachten

165 2521 358 2581 Schulden,
375 2524 452 2584 wird
475 2524 629 2584 nächstens
658 2524 701 2584 ein
730 2527 934 2587 allgemeiner
962 2524 1067 2584 Fonds
1084 2524 1150 2584 auf¬

163 2570 311 2630 gerichtet
334 2572 477 2632 werden.
550 2572 637 2632 Dies
671 2573 880 2633 Fürstenthum
925 2578 996 2638 wird
1024 2574 1035 2634 3
1063 2569 1123 2629 Ton

160 2620 216 2680 nen
251 2617 375 2677 Goldes
393 2620 580 2680 aufbringen
603 2620 659 2680 und
682 2620 721 2680 die
739 2623 949 2683 Judenschaft
972 2624 1011 2684 ein
1034 2620 1152 2680 Zwölf¬

161 2669 249 2729 theil
267 2667 337 2727 dazu
368 2664 556 2724 beytragen,
581 2667 686 2727 wegen
716 2670 798 2730 ihres
835 2675 1047 2735 ansehnlichen
1083 2667 1147 2727 Ge¬

159 2717 273 2777 winns
300 2715 356 2775 auf
378 2714 425 2774 den
462 2715 691 2775 Geldwechsel.

237 2764 479 2824 Frankfurt
520 2764 554 2824 am
601 2766 740 2826 Mayn,
770 2766 821 2826 vom
862 2769 920 2829 19.
949 2769 1064 2829 März.

210 2818 346 2878 Gestern
371 2817 433 2877 sind
458 2817 501 2877 die
520 2817 662 2877 fürtrefl.
688 2819 792 2879 Herrn
830 2823 1139 2883 Wahlbothschafter

1174 339 1291 399 immer
1314 342 1413 402 Wege
1442 341 1536 401 suchen
1570 342 1637 402 noch
1665 343 1826 403 gewißer,
1855 342 1943 402 beßer
1966 341 2022 401 und
2056 342 2167 402 nützli¬

1179 386 1243 446 cher
1268 386 1297 446 zu
1327 389 1489 449 erklaren:
1519 386 1573 446 wie
1593 389 1627 449 sie
1652 391 1701 451 bey
1726 390 1775 450 dem
1815 392 1888 452 allen
1914 392 1983 452 aber
2013 392 2061 452 von
2096 392 2145 452 dem

1181 434 1294 494 Geiste
1321 434 1370 494 der
1392 437 1593 497 Sanftmuth
1620 440 1750 500 erfullt,
1778 440 1859 500 nicht
1882 442 1946 502 mit
1968 440 2055 500 ihren
2082 437 2168 497 Vor¬

1181 485 1321 545 gängern
1349 485 1489 545 zanken,
1512 485 1636 545 sondern
1675 488 1723 548 die
1751 491 1990 551 pflichtmäßige
2012 490 2174 550 Beforde¬

1184 533 1264 593 rung
1292 532 1334 592 der
1362 533 1540 593 Wahrheit
1562 532 1615 592 zur
1643 534 1766 594 Absicht
1794 539 1913 599 haben.
1962 536 2048 596 Man
2081 536 2156 596 kann

1180 580 1371 640 unterdeßen
1407 580 1474 640 hier
1501 580 1567 640 nach
1593 580 1712 640 eigener
1738 583 1872 643 Einsicht
1899 584 1955 644 und
1982 585 2167 645 Geschmack

1180 628 1291 688 Alles
1323 628 1433 688 prüfen
1471 628 1529 688 und
1561 627 1619 687 das
1651 628 1772 688 Beste
1804 634 1968 694 behalten.
2000 634 2111 694 Kostet
2132 634 2158 694 in

1181 676 1233 736 der
1265 676 1465 736 Kanterschen
1503 676 1762 736 Buchhandlung
1794 679 1931 739 allhier,
1958 682 2015 742 wie
2037 682 2105 742 auch
2132 682 2158 742 in

1182 721 1301 781 Elbing
1332 726 1391 786 und
1416 727 1529 787 Mitau
1559 727 1576 787 8
1601 727 1636 787 fl.

1175 919 1232 979 zur
1256 918 1401 978 siebenten
1437 925 1705 985 Wahlconferenz
1734 927 1967 987 aufgefahren.
2026 923 2073 983 An
2102 921 2148 981 dem

1186 969 1330 1029 heutigen
1363 975 1667 1035 höchsterfreulichen
1696 975 1928 1035 Namensfeste
1951 975 2022 1035 Sr.
2040 969 2172 1029 Königl.

1188 1067 1272 1127 seph,
1294 1067 1389 1127 geben
1416 1068 1468 1128 des
1490 1070 1590 1130 Herrn
1623 1070 1718 1130 Fürst
1735 1070 1787 1130 von
1814 1072 2009 1132 Lichtenstein
2037 1067 2174 1127 Durchl.

1186 1118 1207 1178 so
1230 1115 1318 1175 wohl
1341 1117 1385 1177 als
1408 1118 1457 1178 der
1491 1118 1762 1178 Churböhmische
1796 1118 1868 1178 erste
1896 1118 2179 1178 Wahlbothschaf¬

1180 1168 1228 1228 ter
1256 1166 1353 1226 Fürst
1381 1166 1434 1226 von
1473 1166 1640 1226 Esterhazy
1668 1166 1868 1226 Hochfürstl.
1896 1166 2031 1226 Gnaden
2075 1163 2172 1223 große

1183 1216 1326 1276 Festins,
1353 1213 1411 1273 und
1438 1213 1491 1273 der
1513 1214 1629 1274 Einlaß
1656 1216 1682 1276 zu
1715 1215 1762 1275 dem
1811 1213 2012 1273 Schauspiel
2039 1208 2097 1268 auf
2119 1206 2171 1266 der

1188 1259 1419 1319 gewöhnlichen
1451 1258 1661 1318 französischen
1704 1258 1930 1318 Schaubühne
1951 1255 1976 1315 im
2018 1254 2172 1314 Jungho¬

1182 1306 1209 1366 fe
1238 1303 1312 1363 wird
1340 1303 1400 1363 frey
1429 1303 1563 1363 gegeben
1592 1303 1731 1363 werden.
1783 1301 1903 1361 Unsere
1927 1300 2034 1360 Stadt
2053 1297 2173 1357 gewin¬

1183 1345 1234 1405 net
1253 1345 1337 1405 durch
1370 1345 1416 1405 den
1445 1345 1594 1405 täglichen
1618 1348 1725 1408 Zufluß
1749 1346 1841 1406 vieler
1856 1345 2043 1405 vornehmen
2066 1345 2173 1405 Frem¬

1182 1390 1234 1450 den
1263 1390 1344 1450 einen
1374 1387 1503 1447 größern
1532 1392 1738 1452 Schimmer.
1786 1393 1963 1453 Hierunter
1978 1393 2083 1453 zählet
2098 1393 2160 1453 man

1183 1437 1235 1497 des
1262 1437 1400 1497 Kaiserl.
1421 1437 1711 1497 Oberhofmeisters
1738 1438 1844 1498 Herrn
1871 1437 1992 1497 Grafen
2030 1437 2082 1497 von
2109 1440 2172 1500 Uh¬

1185 1485 1269 1545 lefeld
1296 1485 1354 1545 und
1381 1485 1428 1545 des
1455 1485 1597 1545 Kaiserl.
1614 1488 2105 1548 Obrist=Silber=Cämmerers,
2121 1488 2168 1548 H.

1188 1536 1309 1596 Grafen
1336 1536 1393 1596 von
1420 1536 1662 1596 Dietrichstein,
1689 1536 1757 1596 auch
1784 1538 1837 1598 des
1864 1536 2000 1596 Kaiserl.
2027 1536 2169 1596 Königl.

1184 1587 1643 1647 Hofraths=Vicepräsidenten
1677 1587 1781 1647 Herrn
1810 1587 1986 1647 Johannes
2014 1584 2169 1644 Michael,

1186 1637 1309 1697 Grafen
1331 1634 1385 1694 von
1407 1637 1520 1697 Althan
1543 1637 1618 1697 Exc.
1629 1637 1666 1697 rc.
1683 1637 1779 1697 imgl.
1791 1637 1833 1697 die
1851 1637 1947 1697 Herrn
1970 1633 2082 1693 Grafen
2110 1634 2158 1694 von

1186 1688 1674 1748 Schönborn=Heussenstamm,
1702 1687 1755 1747 von
1783 1685 1940 1745 Hatzfeld,
1968 1685 2021 1745 von
2044 1685 2173 1745 Hohen¬

1186 1736 1493 1796 lohe=Oehringen,
1515 1738 1568 1798 von
1597 1739 2012 1799 Hohenlohe=Kirchberg,
2040 1734 2093 1794 von
2116 1733 2169 1793 Er¬

1180 1786 1274 1846 bach,
1300 1784 1355 1844 von
1391 1786 1616 1846 Dietrichstein
1652 1786 1712 1846 und
1743 1784 1797 1844 von
1828 1784 1948 1844 Palfy,
1979 1784 2029 1844 den
2064 1781 2174 1841 portu¬

1185 1829 1343 1889 giesischen
1370 1830 1549 1890 Gesandten
1588 1831 1640 1891 bey
1667 1833 1713 1893 dem
1751 1831 1888 1891 Kaiserl.
1905 1831 2073 1891 Hoflager,
2090 1831 2163 1891 Don

1185 1874 1356 1934 Ambrosio
1387 1873 1502 1933 Freyre
1528 1879 1724 1939 d'Andrade
1745 1879 1760 1939 e
1786 1879 1917 1939 Castro,
1943 1878 1997 1938 den
2028 1876 2174 1936 holländ¬

1183 1925 1260 1985 schen
1286 1920 1525 1980 Abgesandten,
1552 1924 1654 1984 Herrn
1687 1924 1805 1984 Grafen
1832 1926 1883 1986 von
1910 1924 2174 1984 Wartensleben,

1184 1972 1238 2032 den
1268 1966 1405 2026 Prinzen
1435 1966 1489 2026 von
1520 1969 2096 2029 Schwarzburg=Sondershausen,
2116 1972 2165 2032 den

1185 2014 1623 2074 Generalfeldzeugmeister,
1644 2015 1749 2075 Herrn
1780 2017 1900 2077 Grafen
1936 2017 1991 2077 von
2027 2017 2152 2077 Königs

1183 2065 1261 2125 eag,
1283 2062 1330 2122 den
1363 2056 1499 2116 Kaiserl.
1517 2055 1770 2115 Geheimenrath
1802 2058 1860 2118 und
1887 2061 2167 2121 Feldzeugmeister

1180 2111 1285 2171 Herrn
1317 2105 1439 2165 Grafen
1466 2103 1603 2163 Camillo
1630 2104 1682 2164 von
1709 2106 1873 2166 Colloredo
1900 2106 1957 2166 und
1979 2106 2021 2166 die
2037 2107 2169 2167 Reichs¬

1181 2157 1363 2217 Hofräthe,
1385 2151 1506 2211 Grafen
1540 2154 1589 2214 von
1617 2157 1760 2217 Kaunitz
1788 2156 1849 2216 und
1877 2157 2103 2217 Senckenberg
2131 2157 2169 2217 u.

1174 2208 1212 2268 a.
1230 2208 1279 2268 m.
1324 2199 1512 2259 Ingleichen
1546 2205 1601 2265 sind
1629 2208 1678 2268 des
1701 2208 1800 2268 Herrn
1829 2205 1973 2265 Prinzen
2001 2208 2155 2268 Friedrich

1181 2252 1235 2312 von
1269 2249 1606 2309 Pfalz=Zweybrücken
1634 2255 1832 2315 Hochfürstl.
1866 2255 2009 2315 Durchl.
2026 2256 2086 2316 und
2109 2257 2158 2317 des

1181 2300 1322 2360 Prinzen
1362 2298 1413 2358 von
1448 2302 1628 2362 Lobkowitz
1657 2309 1861 2369 Hochfürstl.
1884 2306 2020 2366 Gnaden
2060 2306 2167 2366 allhier

1179 2347 1405 2407 eingetroffen.
1456 2350 1532 2410 Der
1555 2357 1698 2417 künftige
1721 2357 1886 2417 Mittwoch
1909 2357 1947 2417 als
1970 2354 2013 2414 der
2031 2354 2118 2414 21ste
2136 2355 2168 2415 d.

1176 2396 1211 2456 ist
1230 2398 1284 2458 zum
1328 2399 1503 2459 feyerlichen
1534 2402 1655 2462 Einzug
1680 2408 1727 2468 für
1753 2407 1837 2467 Ihro
1862 2402 2062 2462 Churfürstl.
2081 2402 2171 2462 Gna¬

1177 2442 1227 2502 den
1262 2443 1295 2503 zu
1330 2447 1454 2507 Mainz
1472 2453 1653 2513 bestimmt,
1677 2455 1762 2515 wozu
1796 2455 1864 2515 man
1899 2452 1921 2512 in
1950 2450 2000 2510 der
2029 2449 2165 2509 Gegend

1183 2492 1230 2552 der
1255 2494 1387 2554 hiesigen
1418 2500 1526 2560 Warte
1551 2501 1592 2561 die
1612 2503 1889 2563 Vorbereitungen
1920 2500 2034 2560 siehet,
2059 2497 2112 2557 und
2137 2497 2160 2557 es

1176 2539 1235 2599 sind
1260 2543 1338 2603 schon
1369 2547 1448 2607 viele
1473 2548 1594 2608 Pferde
1625 2553 1679 2613 und
1710 2551 1873 2611 Equipage
1898 2548 1952 2608 von
1978 2545 2068 2605 diesem
2105 2545 2171 2605 Ho¬

1177 2590 1206 2650 fe
1231 2593 1345 2653 allhier
1376 2601 1599 2661 eingetroffen.
1648 2599 1720 2659 Die
1745 2599 1853 2659 Texte,
1878 2596 1986 2656 welche
2011 2593 2064 2653 der
2089 2593 2173 2653 Ma¬

1185 2641 1300 2701 gistrat
1324 2643 1352 2703 zu
1381 2645 1427 2705 den
1457 2649 1722 2709 Wahlpredigten
1746 2646 1925 2706 bestimmt,
1949 2643 2006 2703 sind
2036 2641 2047 2701 1
2071 2642 2157 2702 Buch

1185 2691 1286 2751 Mos.
1300 2691 1414 2751 XLIX,
1422 2696 1482 2756 26.
1503 2697 1570 2757 Pf.
1586 2697 1707 2757 XVIII,
1714 2697 1768 2757 50.
1782 2697 1842 2757 51.
1863 2694 1944 2754 XX.
1958 2695 1998 2755 7.

1324 2760 1743 2820 Nieder=Rheinstrohm,
1780 2754 1827 2814 den
1858 2754 1869 2814 9
1900 2751 2019 2811 März.

1226 2817 1302 2877 Der
1323 2823 1521 2883 französische
1547 2820 1701 2880 Minister
1721 2819 1778 2879 hat
1798 2817 1926 2877 endlich,
1939 2816 1964 2876 da
1991 2812 2028 2872 die
2048 2806 2150 2866 Stadt

2092 2857 2165 2917 Ro¬
