2479 3508
138 315 197 375 und
222 321 282 381 kein
319 321 426 381 Stück
451 319 541 379 unter
566 312 619 372 dem
668 312 692 372 im
735 306 886 366 Catalogo
916 306 1115 366 beygesetzten
1164 305 1290 365 gnügen
1315 303 1471 363 machen,
1496 300 1598 360 allen,
1623 303 1713 363 denen
1744 300 1803 360 mit
1822 300 1869 360 der
1894 299 2002 359 bloßen
2027 297 2153 357 Durch¬

140 369 278 429 Preise,
307 368 534 428 losgeschlagen
573 357 717 417 werden.
773 357 979 417 Diejenige,
1013 355 1123 415 welche

140 413 188 473 sich
215 416 312 476 diesen
340 414 469 474 Catalog
497 407 690 467 anschaffen,
724 404 782 464 und
815 407 950 467 selbigen
978 402 1063 462 nicht
1080 400 1128 460 be=

134 464 234 524 halten
265 464 396 524 wollen,
422 458 598 518 bekommen
635 452 684 512 den
720 454 831 514 Werth
867 455 902 515 an
928 452 1033 512 Gelde
1054 449 1129 509 wie¬

131 509 181 569 der
205 512 336 572 zurück,
371 509 445 569 falls
474 506 513 566 sie
543 503 594 563 für
623 502 657 562 10
686 503 806 563 Rthlr.
823 504 955 564 Bücher
990 503 1047 563 aus
1076 500 1126 560 der

130 563 268 623 Auction
297 557 452 617 erstehen.
503 551 602 611 Unser
625 554 780 614 Verleger
798 554 875 614 wird
898 554 948 614 sich
976 551 1020 611 ein
1048 548 1131 608 Ver¬

370 703 562 763 Berlin,
592 706 644 766 den
691 706 755 766 31.
784 706 895 766 Merz.

183 752 330 812 Vorigen
358 754 564 814 Donnerstag
592 754 696 814 verlaß
723 754 750 814 in
783 754 832 814 der
855 754 996 814 Königl.
1019 752 1116 812 Acade

140 799 203 859 mie
230 801 277 861 der
299 801 553 861 Wißenschaften
580 801 627 861 der
655 801 744 861 junge
766 801 845 861 Herr
867 801 967 861 Euler
989 801 1042 861 den
1069 799 1137 859 Be¬

139 852 239 912 schluß
266 852 318 912 der
340 849 614 909 Untersuchungen
646 849 725 909 über
747 849 794 909 die
815 849 1026 909 verschiedene
1048 849 1137 909 Mit¬

139 897 181 957 tel
198 900 277 960 ohne
304 903 405 963 Hülfe
432 900 485 960 der
507 900 629 960 Winde
651 900 677 960 zu
704 897 853 957 schiffen,
880 897 922 957 als
949 897 996 957 den
1029 897 1124 957 letzten

147 947 247 1007 Theil
263 951 358 1011 seiner
385 951 602 1011 Abhandlung
629 948 681 1008 von
714 948 761 1008 den
788 945 846 1005 aus
868 948 915 1008 der
942 947 1137 1007 Gegenwir¬

134 998 216 1058 kung
244 1000 292 1060 des
326 998 468 1058 Waßers
490 998 709 1058 entstehenden
743 992 901 1052 Kräften.

403 1046 552 1106 Wien,
586 1046 642 1106 den
681 1043 713 1103 16
753 1045 875 1105 März.

186 1093 261 1153 Der
284 1094 573 1154 Haushofmeister
596 1092 649 1152 des
673 1091 869 1151 Spanischen
897 1092 1142 1152 Abgesandten,

139 1139 271 1199 Grafen
298 1142 355 1202 von
383 1142 552 1202 Mahoni,
563 1142 620 1202 hat
643 1140 679 1200 ein
712 1139 870 1199 Geschenk
892 1139 950 1199 von
977 1142 1034 1202 400
1067 1139 1140 1199 Du=

133 1188 217 1248 caten
247 1190 307 1250 und
342 1190 406 1250 eine
436 1187 530 1247 große
555 1187 689 1247 güldene
719 1187 877 1247 Medaille
908 1188 962 1248 für
992 1187 1041 1247 die
1077 1190 1130 1250 aus

139 1235 281 1295 Madrit
301 1231 504 1291 überbrachte
520 1233 692 1293 Nachricht
714 1231 769 1291 von
795 1234 845 1294 der
867 1234 896 1294 am
943 1234 1034 1294 16ten
1060 1236 1140 1296 Feb.

136 1279 319 1339 vollzognen
349 1276 576 1336 Vermählung
607 1279 655 1339 des
681 1276 883 1336 Erzherzogs
908 1279 1041 1339 Leopold
1077 1279 1135 1339 mit

141 1324 192 1384 der
221 1324 380 1384 Infantin
418 1318 545 1378 Donna
579 1321 696 1381 Maria
729 1321 837 1381 Louisa
871 1321 1035 1381 erhalten.
1082 1318 1129 1378 Es

143 1369 256 1429 heißt,
276 1366 330 1426 daß
366 1366 414 1426 die
440 1363 617 1423 Prinzeßin
662 1363 720 1423 erst
751 1363 839 1423 gegen
879 1363 933 1423 das
964 1363 1052 1423 Ende
1082 1363 1130 1423 des

149 1410 300 1470 1765sten
331 1407 452 1467 Jahres
483 1407 538 1467 aus
563 1407 715 1467 Spanien
746 1407 816 1467 nach
842 1407 973 1467 Florenz
994 1406 1125 1466 abreisen

144 1455 267 1515 werde,
289 1455 433 1515 woselbst
454 1455 500 1515 sich
526 1455 552 1515 zu
583 1455 712 1515 gleicher
738 1452 805 1512 Zeit
826 1455 872 1515 der
904 1455 1053 1515 Gemahl
1069 1452 1136 1512 ein¬

148 1506 244 1566 finden
272 1503 369 1563 wird.
392 1503 462 1563 Die
484 1503 618 1563 fremden
647 1503 819 1563 Minister,
842 1503 950 1563 welche
972 1503 1020 1563 den
1048 1503 1134 1563 Kay¬

148 1554 187 1614 ser
210 1554 295 1614 nicht
318 1554 385 1614 nach
404 1552 579 1612 Frankfurt
596 1552 744 1612 begleitet
767 1554 886 1614 haben,
898 1554 949 1614 sind
978 1556 1022 1616 der
1040 1554 1141 1614 päbst¬

145 1605 217 1665 liche
240 1605 422 1665 Nuntius,
439 1604 489 1664 der
512 1605 862 1665 Großbrittannische,
885 1608 1140 1668 Venetianische,

142 1652 318 1712 Rußische,
330 1653 544 1713 Preußische,
556 1655 726 1715 Dänische,
745 1658 989 1718 Schwedische,
1008 1658 1141 1718 Neapo¬

150 1706 323 1766 litanische,
360 1706 601 1766 Sardinische,
632 1706 879 1766 Holländische,
916 1709 1138 1769 Genuesische,

141 1754 396 1814 Hannöversche
420 1754 641 1814 Abgesandte,
664 1752 755 1812 nebst
778 1752 823 1812 der
859 1751 966 1811 geistl.
983 1756 1131 1816 Churfür

152 1802 206 1862 sten
234 1802 341 1862 ihren.
391 1802 466 1862 Der
489 1799 645 1859 Freyherr
668 1799 721 1859 von
750 1799 901 1859 Penkler,
923 1799 999 1859 wird
1026 1805 1145 1865 künfti¬

147 1849 200 1909 gen
232 1849 359 1909 Monat
381 1847 433 1907 aus
460 1843 731 1903 Constantinopel
748 1843 811 1903 hier
838 1842 1007 1902 erwartet;
1029 1848 1076 1908 der
1098 1847 1145 1907 Le¬

150 1897 459 1957 gationssecretair,
477 1888 559 1948 Herr
587 1888 636 1948 von
670 1888 874 1948 Broguard,
897 1891 968 1951 aber
986 1894 1046 1954 mit
1069 1897 1118 1957 dem

153 1942 324 2002 Character
353 1941 436 2001 eines
464 1933 646 1993 Residenten
675 1933 747 1993 dort
764 1933 902 1993 bleiben.

225 1987 472 2047 Frankfurt
513 1981 547 2041 am
594 1981 732 2041 Mayn,
761 1981 812 2041 vom
854 1984 916 2044 22.
940 1984 1055 2044 März.

198 2034 350 2094 Nachdem
391 2031 441 2091 der
464 2028 724 2088 Hochwürdigste
747 2031 837 2091 Fürst
860 2031 916 2091 und
934 2032 1035 2092 Herr,
1052 2034 1136 2094 Herr

152 2080 295 2140 Emerich
320 2079 464 2139 Joseph,
489 2081 542 2141 des
567 2082 645 2142 heil.
664 2082 795 2142 Stuhls
820 2082 844 2142 zu
874 2080 1000 2140 Mäynz
1025 2077 1139 2137 Erzbi¬

149 2127 243 2187 schof,
268 2129 320 2189 des
345 2127 439 2187 Heil.
457 2129 563 2189 Röm.
576 2130 694 2190 Reichs
718 2133 807 2193 durch
837 2131 1032 2191 Germanien
1062 2130 1138 2190 Erz¬

152 2178 289 2238 Canzler
308 2178 368 2238 und
393 2181 597 2241 Churfürst,
621 2181 669 2241 als
694 2181 747 2241 des
772 2181 904 2241 höchsten
935 2179 1139 2239 Churfürstl.

150 2229 286 2289 Collegii
309 2231 496 2291 Decanus,
520 2231 576 2291 und
611 2229 662 2289 des
685 2230 787 2290 höchst
811 2229 998 2289 wichtigsten
1033 2227 1140 2287 Röm.

146 2279 293 2339 Königl.
311 2279 566 2339 Wahlgeschäfts
590 2276 765 2336 Director,
789 2279 834 2339 sich
863 2275 1005 2335 bewogen
1034 2274 1141 2334 gefun¬

147 2327 200 2387 den
233 2329 296 2389 nach
323 2330 375 2390 der
397 2327 444 2387 des
477 2327 572 2387 Heil.
594 2327 694 2387 Röm.
716 2329 849 2389 Reichs=
870 2326 928 2386 und
956 2322 1141 2382 Wahlstadt

151 2378 332 2438 Frankfurt
349 2376 383 2436 am
423 2377 530 2437 Mayn
565 2375 610 2435 sich
639 2375 809 2435 persönlich
833 2378 860 2438 zu
890 2374 1048 2434 erheben,
1071 2372 1133 2432 und

156 2423 190 2483 an
225 2426 277 2486 dem
324 2426 590 2486 höchstwichtigen
626 2423 881 2483 Wahlgeschäfte
910 2424 991 2484 eines
1026 2418 1141 2478 Römi¬

153 2470 232 2530 schen
266 2473 390 2533 Königs
419 2473 487 2533 dero
511 2472 646 2532 höchsten
675 2470 754 2530 Orts
777 2475 902 2535 selbsten
931 2472 1021 2532 Hand
1050 2467 1146 2527 anzu¬

155 2518 273 2578 legen,
291 2521 347 2581 und
376 2520 483 2580 solches
511 2521 539 2581 zu
568 2521 647 2581 einem
693 2519 743 2579 dem
783 2524 879 2584 Reich
902 2521 1127 2581 ersprießlichen

159 2569 285 2629 Schluß
309 2569 337 2629 zu
367 2569 522 2629 bringen;
551 2569 574 2629 so
603 2566 695 2626 haben
719 2574 949 2634 höchstdieselbe
973 2569 1018 2629 den
1042 2564 1146 2624 gestri¬

158 2620 209 2680 gen
238 2617 305 2677 Tag
328 2617 356 2677 zu
385 2614 436 2674 dem
482 2617 543 2677 Tag
578 2614 628 2674 des
652 2617 799 2677 Einzugs
828 2620 849 2680 in
878 2620 1054 2680 Frankfurt
1072 2614 1144 2674 gnä¬

150 2664 233 2724 digst
245 2664 273 2724 zu
296 2661 474 2721 benennen,
492 2661 547 2721 und
570 2661 620 2721 der
643 2664 810 2724 alldasigen
834 2670 922 2730 Löbl.
934 2665 1146 2725 Magistrats¬

156 2715 354 2775 Deputation
383 2709 439 2769 von
468 2712 559 2772 dieser
582 2710 786 2770 Churfürstl.
804 2720 940 2780 höchsten
963 2715 1133 2775 Jntention

158 2770 190 2830 zu
217 2765 303 2825 ihrer
326 2760 515 2820 Bemeßung
543 2762 607 2822 nach
635 2760 684 2820 dem
728 2766 884 2826 Vorgang
907 2769 939 2829 de
961 2767 1026 2827 Ao.
1037 2766 1145 2826 1745.

164 2817 213 2877 die
232 2815 408 2875 vorläufige
427 2814 595 2874 Nachricht
621 2814 645 2874 zu
672 2815 777 2875 geben,
797 2820 865 2880 auch
891 2820 1004 2880 sonsten
1029 2818 1054 2878 an
1079 2817 1141 2877 Ort

1154 353 1260 413 lesung
1287 354 1377 414 dieser
1410 348 1627 408 vortreflichen
1665 351 1872 411 Sammlung
1894 348 2021 408 gedient
2043 347 2149 407 wäre,

1163 401 1287 461 hierinn
1322 400 1406 460 gegen
1440 398 1479 458 ein
1502 398 1626 458 sicheres
1655 400 1761 460 Pfand
1790 398 1818 458 zu
1847 398 2060 458 willfahren;
2089 395 2145 455 für

1161 451 1291 511 Käufer
1321 449 1409 509 kostet
1440 446 1534 506 dieser
1558 449 1688 509 Catalog
1718 447 1748 507 in
1778 449 1872 509 seiner
1897 449 2074 509 Handlung
2104 447 2156 507 all¬

1165 500 1261 560 hier,
1281 500 1293 560 8
1320 500 1357 560 fl.

1159 701 1223 761 und
1245 705 1372 765 Enden,
1388 703 1430 763 wo
1457 703 1489 763 es
1511 700 1622 760 nöthig
1649 703 1708 763 und
1729 702 1968 762 herkommlich,
1985 703 2144 763 intimiren

1165 754 1199 814 zu
1228 754 1334 814 laßen,
1353 751 1499 811 gnädigst
1516 751 1663 811 geruhet,
1681 749 1777 809 sofort
1795 749 1845 809 sich
1868 750 1896 810 in
1925 748 2055 808 höchster
2078 745 2156 805 Per¬

1167 799 1237 859 son,
1259 800 1340 860 samt
1363 800 1454 860 Ihro
1482 798 1720 858 nachfolgenden
1754 798 1856 858 Suite
1879 796 2041 856 Morgens
2063 797 2154 857 frühe

1167 850 1246 910 aus,
1262 847 1317 907 auf
1338 846 1387 906 den
1423 849 1543 909 unweit
1564 846 1608 906 der
1634 847 1840 907 Frankfurter
1866 844 1976 904 Warte
1997 843 2157 903 bestimm¬

1167 897 1212 957 ten
1244 897 1485 957 Sammelplatz
1506 894 1634 954 erhoben
1667 897 1723 957 und
1749 897 1841 957 gegen
1873 897 1882 957 2
1909 897 1975 957 Uhr
1991 897 2160 957 Nachmit¬

1169 946 1243 1006 tags
1264 943 1317 1003 von
1350 948 1471 1008 daraus
1498 945 1582 1005 ihren
1610 945 1821 1005 feyerlichsten
1848 945 1969 1005 Einzug
1996 947 2160 1007 gehalten.

1164 992 1238 1052 Der
1265 994 1513 1054 Churfürstliche
1546 992 1704 1052 prächtige
1736 992 1921 1052 Leibwagen
1949 994 2011 1054 war
2039 995 2096 1055 mit
2113 992 2160 1052 ro¬

1169 1043 1238 1103 them
1274 1041 1414 1101 Sammt
1435 1043 1459 1103 in
1490 1041 1550 1101 und
1575 1041 1740 1101 auswarts
1761 1043 1821 1103 mit
1841 1043 2012 1103 erhabenem
2052 1041 2157 1101 Golde

1172 1091 1248 1151 reich
1275 1094 1475 1154 ausgestickt,
1486 1092 1553 1152 auch
1574 1089 1636 1149 mit
1652 1091 1728 1151 ganz
1744 1091 1940 1151 verguldeten
1967 1091 2090 1151 Gestell
2101 1091 2157 1151 und

1173 1139 1302 1199 Rädern
1330 1142 1497 1202 versehen,
1514 1141 1676 1201 worinnen
1704 1141 1785 1201 Ihro
1807 1139 2013 1199 Churfürstl.
2019 1141 2153 1201 Gnaden

1169 1187 1195 1247 in
1228 1189 1360 1249 höchster
1382 1188 1503 1248 Person
1536 1188 1594 1248 mit
1616 1187 1684 1247 dero
1716 1190 1827 1250 langen
1855 1189 2024 1249 schwarzen
2051 1187 2162 1247 Tallar

1173 1236 1231 1296 und
1261 1236 1399 1296 Mantel
1419 1234 1571 1294 durchaus
1602 1234 1660 1294 mit
1676 1233 1808 1293 Spitzen
1838 1231 1976 1291 besetzet,
1986 1231 2040 1291 mit
2055 1232 2168 1292 bedeck¬

1168 1279 1212 1339 ten
1247 1279 1374 1339 Haupte
1400 1279 1483 1339 allein
1513 1279 1620 1339 saßen.
1636 1278 1645 1338 —
1705 1276 1838 1336 Sobald
1858 1278 1941 1338 Ihro
1966 1276 2167 1336 Churfürstl.

1171 1321 1305 1381 Gnaden
1338 1318 1398 1378 und
1427 1321 1571 1381 sämmtl.
1586 1318 1674 1378 Dero
1698 1319 1800 1379 Suite
1819 1321 1842 1381 in
1870 1321 1954 1381 ihrem
1987 1324 2168 1384 Qvartier,

1166 1363 1218 1423 dem
1257 1363 1468 1423 sogenannten
1498 1364 1694 1424 Compostell
1714 1366 1911 1426 abgestiegen
1941 1369 2070 1429 waren,
2085 1372 2171 1432 mar¬

1172 1407 1292 1467 schirten
1327 1407 1377 1467 die
1408 1410 1710 1470 Bürgerquartiere
1730 1411 1755 1471 in
1786 1413 1871 1473 ihrer
1901 1416 2062 1476 Ordnung
2087 1419 2157 1479 nach

1167 1455 1223 1515 und
1255 1458 1322 1518 nach
1348 1457 1420 1517 auf,
1437 1458 1493 1518 und
1519 1458 1618 1518 gaben
1644 1459 1731 1519 deren
1758 1461 1841 1521 jedes
1872 1461 1897 1521 im
1939 1464 2167 1524 Vorbeypaßi¬

1162 1506 1208 1566 ren
1245 1506 1307 1566 eine
1333 1508 1462 1568 Salve,
1473 1509 1520 1569 wo
1547 1509 1723 1569 immittelst
1744 1509 1801 1569 von
1832 1511 1947 1571 Seiten
1973 1509 2019 1569 E.
2036 1511 2077 1571 E.
2088 1515 2170 1575 Ma¬

1170 1559 1300 1619 gistrats
1323 1557 1373 1617 das
1402 1558 1617 1618 gewöhnliche
1640 1560 1798 1620 Geschenk
1832 1560 1866 1620 an
1895 1557 1985 1617 Wein
2020 1561 2075 1621 und
2099 1563 2166 1623 Ha¬

1172 1608 1220 1668 ber
1243 1608 1329 1668 durch
1352 1609 1438 1669 deren
1460 1610 1579 1670 Herren
1607 1611 1786 1671 Deputirte
1808 1610 1889 1670 nebst
1917 1614 2107 1674 Abstattung
2124 1613 2172 1673 ih¬

1173 1658 1222 1718 res
1244 1660 1415 1720 devotesten
1443 1661 1614 1721 Wunsches
1637 1660 1714 1720 Sr.
1725 1662 1929 1722 Churfürstl.
1946 1665 2084 1725 Gnaden
2112 1665 2172 1725 un¬

1173 1711 1366 1771 terthänigst
1389 1709 1549 1769 verehret,
1566 1712 1621 1772 und
1649 1710 1748 1770 sofort
1766 1713 1815 1773 dem
1855 1715 2037 1775 prächtigen
2059 1715 2175 1775 Einzu¬

1172 1760 1202 1820 ge
1224 1760 1254 1820 zu
1291 1758 1487 1818 männlichen
1519 1760 1715 1820 Vergnügen
1747 1763 1809 1823 und
1835 1766 2089 1826 Bewunderung
2120 1766 2171 1826 der

1174 1805 1298 1865 Schluß
1324 1805 1464 1865 gemacht
1485 1808 1609 1868 wurde.
1635 1811 1833 1871 Vorgestern
1859 1813 1921 1873 sind
1947 1812 1993 1872 die
2015 1814 2175 1874 vortrefli¬

1173 1849 1239 1909 chen
1262 1846 1361 1906 Herrn
1389 1852 1699 1912 Wahlbothschafter
1727 1857 1776 1917 zum
1816 1860 1876 1920 8ten
1904 1861 1970 1921 mal
1993 1861 2042 1921 zur
2060 1860 2175 1920 Wahl¬

1169 1894 1355 1954 Conferenz
1377 1896 1611 1956 aufgefahren.
1638 1902 1685 1962 An
1717 1906 1850 1966 selbigem
1888 1908 1972 1968 Tage
1989 1908 2095 1968 wurde
2112 1909 2169 1969 von

1172 1945 1272 2005 wegen
1303 1942 1689 2002 Reichsmarschallamts
1715 1951 1760 2011 die
1780 1954 1937 2014 Policey=
1953 1954 2013 2014 und
2034 1954 2175 2014 Taxord¬

1169 1991 1252 2051 nung
1273 1984 1439 2044 publicirt,
1450 1985 1507 2045 wie
1523 1991 1605 2051 nicht
1622 1994 1756 2054 weniger
1778 1996 1798 2056 im
1840 1996 1964 2056 Namen
1986 1999 2037 2059 des
2058 2001 2167 2061 Raths

1177 2037 1264 2097 unter
1291 2031 1586 2091 Trompetenschall
1612 2037 1674 2097 auf
1690 2040 1731 2100 21
1768 2040 1897 2100 Plätzen
1934 2043 1959 2103 in
1996 2043 2042 2103 der
2064 2045 2177 2105 Stadt

1178 2082 1393 2142 ausgerufen,
1416 2079 1466 2139 daß
1490 2082 1614 2142 morgen
1643 2084 1694 2144 von
1717 2085 1847 2145 hiesiger
1865 2088 2102 2148 Bürgerschaft
2120 2094 2170 2154 der

1181 2128 1425 2188 Securitätseid
1454 2131 1595 2191 geleistet
1613 2135 1732 2195 werden
1761 2137 1846 2197 solle.
1898 2141 2074 2201 Churcölln
2091 2142 2170 2202 wird

1173 2181 1200 2241 in
1234 2175 1428 2235 Begleitung
1467 2180 1517 2240 des
1540 2186 1656 2246 ganzen
1690 2187 1929 2247 Münsterschen
1957 2191 2056 2251 Adels
2085 2190 2106 2250 in
2140 2192 2178 2252 et¬

1173 2229 1265 2289 lichen
1298 2225 1407 2285 Tagen
1440 2230 1505 2290 hier
1538 2237 1729 2297 anlangen;
1757 2238 1811 2298 von
1844 2239 1942 2299 seiner
1964 2240 2078 2300 Garde
2111 2243 2171 2303 und

1178 2273 1316 2333 Bagage
1339 2272 1377 2332 ist
1400 2274 1476 2334 schon
1511 2282 1610 2342 etwas
1633 2288 1888 2348 angekommen.
1916 2291 2120 2351 Chur=Trier
2137 2294 2176 2354 ist

1180 2321 1231 2381 den
1260 2321 1350 2381 21ten
1385 2324 1418 2384 d.
1436 2326 1463 2386 in
1492 2332 1532 2392 15
1561 2332 1605 2392 bis
1634 2336 1667 2396 16
1697 2339 1826 2399 Jachten
1862 2339 1917 2399 und
1941 2340 2088 2400 Schiffen
2117 2342 2167 2402 von

1181 2370 1319 2430 Coblenz
1343 2378 1574 2438 abgegangen,
1597 2386 1660 2446 und
1690 2387 1742 2447 den
1783 2390 1869 2450 17ten
1904 2388 1956 2448 hat
1991 2390 2106 2450 bereits
2130 2390 2176 2450 die

1185 2420 1303 2480 Fürstl.
1318 2426 1490 2486 Leibgarde
1511 2431 1597 2491 unter
1618 2436 1811 2496 Anführung
1838 2437 1890 2497 der
1904 2435 2077 2495 Freyherrn
2111 2437 2163 2497 von

1177 2467 1346 2527 Wildberg
1371 2472 1431 2532 und
1456 2478 1510 2538 von
1541 2482 1717 2542 Hohenfeld
1748 2485 1796 2545 den
1821 2485 1948 2545 Marsch
1973 2485 2040 2545 nach
2058 2485 2179 2545 Frank=

1182 2518 1250 2578 fürt
1270 2524 1477 2584 genommen.
1509 2533 1722 2593 Chur=Pfalz
1741 2535 1841 2595 macht
1867 2533 1923 2593 alle
1948 2533 2161 2593 Zurüstungen

1182 2566 1207 2626 so
1226 2570 1288 2630 bald
1308 2572 1351 2632 als
1377 2574 1446 2634 Se:
1459 2579 1611 2639 Kayserl.
1624 2584 1718 2644 Maj.
1737 2584 1800 2644 hier
1819 2581 1895 2641 sind,
1915 2581 1977 2641 mit
1997 2581 2078 2641 einem
2123 2581 2179 2641 un¬

1176 2620 1429 2680 beschreiblichen
1466 2628 1580 2688 Staat
1605 2632 1659 2692 von
1696 2632 1883 2692 Mannheim
1926 2629 2174 2689 aufzubrechen.

1183 2667 1446 2727 Chur=Bäyern,
1466 2678 1530 2738 sagt
1556 2681 1646 2741 man,
1660 2679 1736 2739 wird
1762 2679 1820 2739 mit
1847 2679 1891 2739 dem
1936 2679 2052 2739 Kayser
2072 2679 2180 2739 incog=

1181 2716 1251 2776 nito
1271 2718 1341 2778 hier
1367 2724 1546 2784 eintreffen.

1431 2778 1632 2838 London,
1657 2775 1712 2835 vom
1755 2775 1816 2835 16.
1835 2775 1950 2835 März.

1225 2817 1305 2877 Den
1331 2820 1393 2880 8ten
1413 2824 1443 2884 d.
1457 2827 1563 2887 wurde
1582 2829 1632 2889 der
1657 2826 1751 2886 Graf
1770 2825 1826 2885 von
1852 2826 2077 2886 Hilsborough
2097 2820 2146 2880 zum

2079 2872 2179 2932 Mit=
