2479 3508
622 1241 743 1301 20tes
788 1246 954 1306 Stück.
1008 1249 1227 1309 Montag,
1280 1252 1349 1312 den
1395 1252 1446 1312 9.
1474 1249 1596 1309 April
1632 1249 1771 1309 1764.

533 1342 841 1402 Königsberg.

210 1431 379 1491 hier
401 1431 449 1491 des
477 1434 602 1494 Abends
630 1431 667 1491 um
707 1431 744 1491 11
772 1431 858 1491 Uhr,
881 1434 968 1494 Herr
1001 1434 1175 1494 Johann

199 1484 368 1544 Daniel
409 1479 555 1539 Funk,
591 1479 730 1539 Königl.
760 1478 894 1538 Preuß.
918 1482 1180 1542 Criminalrath,

201 1530 312 1590 beyder
346 1527 462 1587 Rechte
485 1525 613 1585 Doktor
636 1527 696 1587 und
730 1527 880 1587 derselben
914 1529 1025 1589 Lehrer
1053 1530 1108 1590 auf
1131 1530 1175 1590 der

206 1581 336 1641 hiesigen
365 1578 585 1638 Universität,
614 1578 688 1638 nach
717 1578 801 1638 einer
830 1580 1022 1640 achttägigen
1057 1581 1169 1641 Krank

207 1631 275 1691 heit
323 1628 357 1688 an
409 1625 496 1685 einem
567 1628 774 1688 Blutsturze.

206 1679 355 1739 desfällen
395 1676 510 1736 werden
539 1678 716 1738 öffentliche
738 1676 954 1736 Verdienste,
977 1680 1026 1740 bey
1060 1682 1176 1742 anderr

202 1727 557 1787 Privateigenschaften
595 1725 775 1785 bedauert;
817 1724 843 1784 es
876 1727 992 1787 können
1025 1727 1098 1787 aber
1125 1729 1183 1789 nur

216 1959 275 2019 sals
308 1956 361 2016 mit
389 1951 550 2011 Rührung
578 1948 772 2008 empfindet,
805 1948 918 2008 äußert
946 1951 983 2011 ein
1021 1954 1161 2014 Beyleid

213 2002 323 2062 wovon
351 1999 416 2059 man
450 1996 549 2056 wenig
583 1996 753 2056 Beyspiele
782 1996 903 2056 siehet;
926 1999 986 2059 und
1014 1999 1041 2059 da
1069 2002 1096 2062 es
1124 2004 1179 2064 nur
1219 2005 1290 2065 nach
1313 1999 1428 2059 Berlin
1461 1999 1588 2059 zurück,
1611 2002 1643 2062 an
1672 2002 1726 2062 den
1749 2002 1814 2062 Ort
1832 2002 1875 2062 wo

208 2049 300 2109 selten
328 2042 479 2102 Gelehrte
502 2043 604 2103 giebt,
611 2043 719 2103 welche
736 2043 762 2103 in
790 2046 926 2106 gewißer
948 2046 1007 2106 Art
1019 2046 1062 2106 die
1084 2049 1192 2109 Stän¬

205 2091 242 2151 de
269 2091 359 2151 unter
386 2091 534 2151 einander
567 2094 768 2154 verbinden:
795 2094 821 2154 so
854 2094 890 2154 ist
923 2095 981 2155 kein
1014 2094 1188 2154 Wunder,

211 2139 270 2199 daß
298 2140 362 2200 auch
395 2142 573 2202 diejenige,
585 2145 676 2205 denen
715 2145 866 2205 übrigens
899 2144 948 2204 der
975 2143 1110 2203 Zustand
1132 2145 1180 2205 der

217 2190 465 2250 Wissenschaften
501 2193 697 2253 gleichgültig
721 2193 772 2253 ist,
790 2195 819 2255 an
849 2193 923 2253 einem
964 2190 1109 2250 Verluste
1127 2193 1190 2253 An¬

205 2239 289 2299 theil
308 2237 473 2297 nehmen,
499 2243 626 2303 dadurch
658 2243 693 2303 sie
725 2243 810 2303 eines
835 2243 938 2303 solchen
970 2238 1116 2298 Mannes
1141 2240 1195 2300 be¬

215 2291 331 2351 raubet
350 2291 496 2351 werden.

613 2384 803 2444 Leipzig.

292 2430 453 2490 "Johann
488 2432 643 2492 Christian
671 2432 820 2492 Krugers
848 2435 996 2495 poetische
1024 2429 1077 2489 und
1112 2426 1199 2486 thea¬

208 2476 377 2536 Ptralische
406 2479 615 2539 Schriften,
655 2479 909 2539 herausgegeben
949 2481 1005 2541 von
1039 2476 1180 2536 Johann

217 2522 394 2582 "Friedrich
425 2527 548 2587 Löwen,
573 2526 691 2586 1763,
715 2524 732 2584 1
756 2527 933 2587 Alphabeth
958 2530 969 2590 8
999 2527 1135 2587 Bogen,
1153 2524 1182 2584 in

211 2562 294 2622 "8."
348 2573 419 2633 Der
443 2572 526 2632 Herr
550 2569 775 2629 Herausgeber
801 2575 901 2635 klaget
925 2578 948 2638 in
979 2576 1026 2636 der
1051 2572 1186 2632 Vorrede

213 2620 289 2680 über
317 2620 366 2680 die
399 2620 771 2680 Unvollkommenheiten
810 2622 859 2682 der
887 2626 1039 2686 deutschen
1068 2620 1176 2680 Schau

218 2719 338 2779 rungen
366 2715 418 2775 der
440 2712 587 2772 deutschen
620 2715 874 2775 Schriftsteller,
901 2722 942 2782 die
964 2721 1011 2781 sich
1038 2718 1133 2778 damit
1154 2716 1196 2776 be¬

222 2769 383 2829 schäftigen
405 2765 532 2825 wollen,
547 2766 587 2826 als
601 2767 668 2827 eine
682 2769 918 2829 Hauptursache
946 2772 1034 2832 davon
1061 2769 1108 2829 an.
1116 2766 1182 2826 Den

1202 1344 1479 1404 Schauspielern,
1492 1345 1538 1405 die
1562 1342 1631 1402 ihre
1643 1342 1746 1402 Lunge
1765 1342 1816 1402 zur
1840 1343 2043 1403 Vorstellung
2067 1345 2187 1405 schlech¬

248 1391 473 1451 Verwichenen
502 1387 721 1447 Sonnabend,
739 1388 784 1448 als
807 1387 840 1447 am
874 1387 936 1447 7ten
970 1387 1003 1447 d.
1021 1387 1094 1447 starb
1123 1386 1179 1446 all=
1208 1387 1258 1447 ter
1281 1387 1405 1447 Stücke
1423 1387 1591 1447 entkräften
1620 1387 1749 1447 müßen,
1767 1387 1818 1447 kan
1841 1387 1885 1447 oft
1903 1387 2043 1447 weniger
2061 1388 2105 1448 als
2128 1390 2179 1450 den

1213 1431 1403 1491 Zuschauern
1430 1433 1481 1493 zur
1507 1431 1569 1491 Last
1590 1432 1693 1492 gelegt
1709 1431 1858 1491 werden,
1885 1431 1931 1491 die
1952 1431 1982 1491 sie
2009 1434 2065 1494 mit
2081 1434 2168 1494 ihrem

1210 1479 1331 1539 Beutel
1363 1479 1420 1539 und
1442 1481 1505 1541 mit
1521 1479 1605 1539 ihrer
1627 1479 1827 1539 Gegenwart
1843 1479 2064 1539 unterstützen.
2091 1482 2185 1542 Hier¬

1205 1530 1263 1590 auf
1279 1530 1353 1590 folgt
1375 1530 1417 1590 ein
1444 1530 1545 1590 kurzer
1567 1530 1752 1590 Lebenslauf
1769 1527 1816 1587 des
1844 1524 1955 1584 bereits
1982 1527 2178 1587 verstorbnen

1211 1578 1416 1638 Verfaßers,
1444 1581 1491 1641 den
1525 1581 1573 1641 der
1595 1578 1681 1638 Herr
1709 1578 1958 1638 Herausgeber,
1980 1578 2045 1638 nach
2073 1578 2185 1638 vorher

827 1628 906 1688 Bey
952 1633 1069 1693 einigen
1115 1631 1177 1691 To=
1211 1629 1352 1689 erbetner
1369 1631 1544 1691 Erlaubniß
1568 1628 1612 1688 der
1635 1626 1832 1686 Ortodoxen,
1844 1625 1894 1685 den
1923 1625 2069 1685 seligen
2093 1627 2193 1687 Krü¬

1205 1682 1275 1742 ger
1314 1679 1438 1739 nennt,
1471 1679 1546 1739 weil
1574 1676 1654 1736 viele
1682 1676 1844 1736 Tartüffen
1882 1673 1974 1733 dieses
2007 1673 2104 1733 Wort
2131 1676 2185 1736 vor

1211 1727 1259 1787 dem
1308 1727 1459 1787 Nahmen
1492 1727 1573 1787 eines
1612 1727 1860 1787 Schauspielers
1882 1724 1963 1784 nicht
1991 1724 2082 1784 leiden
2121 1726 2190 1786 kön¬

205 1772 328 1832 wenige
354 1772 493 1832 sterben,
524 1769 596 1829 die,
617 1769 709 1829 indem
756 1769 791 1829 sie
813 1766 905 1826 beyde
937 1772 1127 1832 verbinden,
1148 1777 1178 1837 so
1210 1775 1292 1835 nen.
1354 1775 1482 1835 Krüger
1514 1775 1581 1835 war
1612 1775 1704 1835 1722
1731 1775 1761 1835 zu
1798 1772 1910 1832 Berlin
1942 1772 1998 1832 von
2040 1774 2183 1834 geringen

205 1818 365 1878 allgemein
396 1817 557 1877 betrauert
572 1811 723 1871 würden,
733 1813 779 1873 als
804 1811 864 1871 Er.
895 1811 965 1871 Die
985 1820 1176 1880 studierende
1212 1817 1322 1877 Eltern
1349 1818 1524 1878 gebohren.
1555 1819 1604 1879 Er
1625 1819 1751 1879 studirte
1777 1819 1831 1879 auf
1852 1819 1902 1879 dem
1943 1819 2124 1879 Gymnasio
2144 1822 2199 1882 sei¬

206 1865 362 1925 Jugend,
389 1864 432 1924 die
454 1861 502 1921 den
530 1858 632 1918 treuen
660 1855 745 1915 Eifer
773 1858 864 1918 ihnen
892 1858 1015 1918 nützlich
1049 1866 1075 1926 zu
1103 1868 1167 1928 seyn
1211 1865 1264 1925 ner
1286 1864 1496 1924 Vaterstadt,
1524 1867 1583 1927 und
1616 1867 1756 1927 besuchte
1778 1864 1896 1924 darauf
1924 1864 1972 1924 die
1999 1867 2182 1927 Academien

211 1912 259 1972 als
286 1912 350 1972 eine
373 1911 420 1971 der
448 1901 733 1961 beschleunigenden
760 1900 905 1960 Ursachen
933 1906 1029 1966 seines
1057 1912 1185 1972 Schick=
1213 1912 1309 1972 Halle
1331 1909 1385 1969 und
1412 1909 1605 1969 Frankfurt,
1622 1912 1665 1972 wo
1687 1914 1713 1974 er
1741 1912 1783 1972 sich
1811 1912 1869 1972 auf
1886 1910 1934 1970 die
1951 1912 2193 1972 Gottesgelart¬

1214 1958 1281 2018 heit
1304 1951 1400 2011 legte.
1452 1954 1519 2014 Aus
1549 1957 1695 2017 Mangel
1713 1957 1764 2017 der
1787 1957 2024 2017 Unterstützung
2048 1961 2138 2021 gieng
2162 1966 2189 2026 er

1322 2044 1452 2104 traurig
1488 2043 1543 2103 vom
1589 2043 1725 2103 Throne
1750 2043 1806 2103 des
1836 2046 2023 2106 würdigsten
2064 2049 2189 2109 Königs

1265 2095 1333 2155 Vor
1359 2094 1402 2154 dem
1441 2091 1597 2151 gallischen
1622 2091 1716 2151 Witze
1736 2094 1779 2154 die
1805 2092 1942 2152 deutsche
1968 2092 2061 2152 Muse
2081 2097 2186 2157 zurück

1888 2142 1988 2202 bebt.

1266 2187 1337 2247 Und
1362 2187 1428 2247 auch
1459 2187 1524 2247 hier
1550 2190 1609 2250 hieß
1640 2190 1669 2250 es
1695 2190 1748 2250 von
1773 2190 1947 2250 Krügern:

1263 2226 1367 2286 „Der
1392 2237 1657 2297 Unsterblichkeit
1689 2240 1787 2300 Sohn
1825 2240 1911 2300 stand
1942 2243 1967 2303 in
2005 2242 2133 2302 Gefahr
2152 2246 2182 2306 zu

1757 2291 1986 2351 verhungern.

1213 2327 1284 2387 Die
1315 2331 1624 2391 Schönemannsche
1655 2342 2085 2402 Schauspielergesellschaft
2128 2339 2194 2399 war

1217 2375 1288 2435 eben
1318 2375 1341 2435 in
1365 2379 1477 2439 Berlin
1507 2384 1560 2444 und
1590 2387 1678 2447 unser
1697 2390 1856 2450 Verfaßer
1880 2389 1986 2449 bestieg
2010 2387 2080 2447 ihre
2099 2389 2199 2449 Büh¬

1221 2423 1260 2483 ne
1278 2426 1385 2486 1742.
1408 2429 1430 2489 im
1470 2435 1572 2495 20sten
1607 2437 1696 2497 Jahr
1720 2437 1815 2497 seines
1844 2437 1969 2497 Alters.
2026 2432 2070 2492 Er
2094 2435 2200 2495 unter¬

1222 2473 1347 2533 richtete
1372 2479 1504 2539 zugleich
1541 2483 1582 2543 die
1613 2485 1745 2545 Tochter
1776 2485 1871 2545 seines
1902 2482 2124 2542 Principals,
2143 2484 2191 2544 die

1220 2521 1327 2581 jetzige
1351 2528 1523 2588 Ehegattin
1560 2534 1612 2594 des
1637 2533 1744 2593 Herrn
1780 2530 1887 2590 Secr.
1905 2532 2072 2592 Löwen,
2096 2533 2143 2593 der
2167 2533 2190 2593 zu

1223 2571 1397 2631 Gefallen,
1421 2577 1481 2637 wie
1512 2580 1559 2640 der
1584 2581 1668 2641 Herr
1692 2581 1921 2641 Herausgeber
1939 2578 2119 2638 versichert,
2150 2580 2192 2640 die

1220 2622 1386 2682 mehresten
1422 2629 1594 2689 geistlichen
1636 2627 1659 2687 in
1695 2629 1789 2689 dieser
1820 2626 2027 2686 Sammlung
2058 2623 2205 2683 befindli¬

213 2670 345 2730 bühne,
374 2667 428 2727 und
462 2667 573 2727 führet
601 2667 728 2727 zugleich
762 2665 806 2725 die
834 2676 972 2736 wenigen
1000 2667 1194 2727 Aufmunte=
1228 2666 1299 2726 chen
1327 2670 1410 2730 Oden
1444 2679 1582 2739 gemacht
1610 2678 1732 2738 worden
1766 2676 1848 2736 sind.
1899 2675 1976 2735 Mit
1988 2673 2037 2733 der
2060 2670 2209 2730 Schöne¬

1230 2718 1409 2778 männschen
1450 2727 1658 2787 Gesellschaft
1688 2724 1774 2784 gieng
1804 2723 1931 2783 Krüger
1961 2721 2030 2781 nach
2065 2718 2197 2778 Leipzig.

1235 2769 1315 2829 Hier
1336 2772 1471 2832 beehrten
1505 2778 1552 2838 ihn
1580 2778 1627 2838 die
1648 2775 1721 2835 dort
1743 2774 1952 2834 vorzüglichen
1980 2764 2128 2824 Genies,
2149 2763 2189 2823 ein

2058 2811 2208 2871 Gellert,
