2479 3508
304 353 347 413 zig
376 348 531 408 enthalten
560 345 642 405 sind.
688 342 776 402 Eine
810 344 977 404 besondere
1000 345 1233 405 Veranlaßung
1262 343 1289 403 zu

310 395 400 455 dieser
424 394 560 454 Schrift
577 392 634 452 gab
657 389 708 449 dem
748 389 844 449 Verf.
862 392 913 452 die
936 392 987 452 seit
1016 392 1135 452 einigen
1164 392 1288 452 Jahren

313 440 362 500 bis
396 440 450 500 zur
484 440 600 500 grösten
634 437 893 497 Ausschweifung
921 440 1098 500 getriebene
1126 440 1214 500 Liebe
1248 439 1297 499 der

318 490 507 550 Engländer
534 488 561 548 zu
594 487 783 547 chinesischen
811 488 989 548 Gebäuden
1017 488 1076 548 und
1109 487 1303 547 Verzierun¬

312 536 391 596 gen.
439 536 554 596 Haben
581 533 623 593 die
645 536 818 596 Chineser,
845 536 913 596 sagt
930 536 982 596 er,
1009 536 1104 596 etwas
1136 536 1304 596 beygetra¬

314 583 366 643 gen
399 580 504 640 unsern
537 580 722 640 Geschmack
743 583 769 643 zu
801 583 997 643 verderben:
1024 583 1050 643 so
1071 583 1140 643 will
1156 583 1198 643 ich
1225 582 1309 642 zuse¬

313 629 392 689 hen,
420 631 452 691 ob
479 631 526 691 die
548 631 762 691 Sittenlehre
784 631 874 691 ihres
902 631 1024 691 Weisen
1052 631 1137 691 nicht
1159 631 1234 691 etwa
1261 628 1308 688 be¬

318 676 444 736 hülflich
471 676 534 736 seyn
573 679 710 739 könnte,
742 679 805 739 uns
838 679 885 739 den
917 679 1102 739 Geschmack
1135 677 1166 737 zu
1203 676 1309 736 verbe¬

316 727 409 787 ßern.
437 725 448 785 —
504 727 576 787 Die
604 727 837 787 Anspielungen
865 727 926 787 und
949 727 1220 787 Vergleichungen
1243 723 1298 783 sind

310 775 364 835 alle
387 775 446 835 aus
469 772 524 832 den
546 774 827 834 Morgenländern
860 773 1019 833 entlehnt.
1069 775 1190 835 Theils
1207 772 1228 832 in
1256 772 1316 832 die¬

315 824 361 884 ser
382 820 603 880 Schreibart,
629 819 722 879 theils
754 819 825 879 aber
857 820 923 880 auch
960 820 986 880 in
1018 822 1063 882 dem
1116 822 1234 882 einmal
1255 818 1306 878 an¬

314 870 536 930 genommenen
571 864 635 924 Ton
665 865 749 925 eines
769 868 991 928 Weltweisen,
1001 868 1050 928 den
1070 870 1183 930 andere
1204 867 1307 927 Nach¬

321 918 430 978 ahmer
454 912 482 972 zu
517 912 563 972 oft
587 915 800 975 verliehren,
824 918 927 978 erhält
957 915 1003 975 sich
1039 918 1084 978 der
1120 918 1217 978 Verf.
1235 915 1304 975 sehr

317 964 391 1024 gut.
439 960 512 1020 Die
534 961 778 1021 Abwechselung
799 963 858 1023 und
885 963 958 1023 seine
985 962 1065 1022 feine
1081 966 1202 1026 Satire
1224 960 1297 1020 wird

318 1007 474 1067 gefallen.
530 1010 724 1070 Unterdeßen
763 1010 860 1070 bleibt
888 1008 979 1068 unser
1008 1010 1191 1070 Philosoph
1225 1007 1310 1067 nicht

318 1055 428 1115 immer
459 1055 509 1115 bey
540 1055 596 1115 den
622 1058 830 1118 Engländern
871 1055 956 1115 allein
992 1055 1119 1115 stehen:
1155 1057 1185 1117 er
1205 1055 1311 1115 macht

322 1103 389 1163 auch
415 1103 596 1163 fruchtbare
612 1103 912 1163 Ausschweifungen
944 1100 969 1160 in
996 1100 1109 1160 andere
1130 1103 1238 1163 Felder
1260 1101 1306 1161 der

316 1151 449 1211 Moral,
472 1148 634 1208 Politick,
657 1149 689 1209 u.
712 1151 734 1211 s.
752 1151 779 1211 f.
824 1148 919 1208 Sein
942 1148 1137 1208 Durchgang
1160 1148 1243 1208 durch
1266 1146 1310 1206 die

319 1196 695 1256 Westmünster=Abtey;
714 1196 780 1256 (S.
799 1196 859 1256 69.
878 1193 963 1253 70.)
988 1196 1036 1256 die
1061 1196 1303 1256 Anmerkungen

324 1246 398 1306 über
426 1246 479 1306 das
507 1245 636 1305 eheliche
658 1243 782 1303 Leben,
809 1243 852 1303 die
880 1243 1046 1303 besonders
1080 1243 1139 1303 viel
1161 1242 1311 1302 Feinheit

321 1297 383 1357 und
412 1295 564 1355 Warheit
593 1294 717 1354 haben,
741 1292 768 1352 im
821 1293 860 1353 18
889 1294 1030 1354 Briefe;
1059 1293 1137 1353 seine
1161 1291 1313 1351 Betrach¬

319 1345 434 1405 tungen
458 1345 527 1405 über
545 1345 591 1405 die
609 1343 822 1403 Kunstrichter
846 1342 916 1402 (S.
934 1345 1031 1405 115.)
1049 1345 1119 1405 über
1137 1345 1177 1405 die
1195 1342 1315 1402 Unthä=

319 1395 432 1455 tigkeit
449 1393 500 1453 der
518 1393 745 1453 vorgegebenen
769 1393 996 1453 Freundschaft
1014 1393 1087 1453 (S.
1105 1394 1207 1454 159.)
1236 1390 1309 1450 über

324 1442 366 1502 die
389 1442 567 1502 Lebensart
578 1440 665 1500 unter
693 1440 741 1500 den
763 1440 893 1500 Großen
920 1441 947 1501 im
980 1440 1066 1500 32ten
1094 1438 1213 1498 Briefe
1230 1440 1316 1500 dürf¬

316 1488 365 1548 ten
393 1488 453 1548 mit
470 1488 714 1548 Zufriedenheit
737 1488 847 1548 gelesen
876 1488 1036 1548 werden:
1070 1488 1135 1548 wie
1164 1485 1219 1545 wir
1253 1487 1313 1547 sol¬

320 1536 383 1596 ches
410 1538 478 1598 auch
511 1538 563 1598 von
590 1537 733 1597 manchen
770 1536 923 1596 kritischen
950 1536 1193 1596 Anmerkungen
1220 1534 1246 1594 z.
1267 1536 1309 1596 E.

319 1584 395 1644 über
418 1584 462 1644 die
479 1584 716 1644 Heldendichter
745 1584 816 1644 (S.
833 1588 938 1648 177,)
955 1584 1026 1644 über
1049 1584 1098 1644 die
1110 1581 1286 1641 zusammen

318 1628 468 1688 gehäufte
489 1627 640 1687 englische
661 1625 882 1685 Qveerstriche
908 1625 978 1685 (S.
999 1624 1099 1684 311.)
1120 1622 1301 1682 zuverläßig

320 1670 443 1730 hoffen.
464 1672 469 1732 —
537 1667 588 1727 Es
619 1667 681 1727 sind
713 1667 769 1727 nur
805 1664 872 1724 sehr
893 1664 991 1724 wenig
1017 1661 1131 1721 Dinge
1152 1661 1177 1721 in
1209 1661 1301 1721 diesen

318 1718 476 1778 Briefen,
493 1715 557 1775 mit
574 1715 667 1775 denen
695 1712 754 1772 wir
777 1712 858 1772 nicht
875 1712 956 1772 ganz
973 1709 1131 1769 zufrieden
1153 1709 1213 1769 seyn
1241 1709 1311 1769 kön¬

319 1766 399 1826 nen.
423 1764 468 1824 Er
498 1766 706 1826 vertheidigt,
731 1762 840 1822 (jedoch
863 1762 891 1822 er
915 1760 996 1820 redet
1020 1760 1083 1820 nach
1112 1760 1211 1820 seines
1229 1757 1315 1817 Con¬

324 1816 428 1876 fueius
457 1814 600 1874 Moral)
629 1811 678 1871 den
718 1811 772 1871 von
801 1809 894 1869 vielen
928 1806 1115 1866 Politickern
1144 1808 1227 1868 falsch
1255 1807 1310 1867 an¬

318 1863 541 1923 genommenen
574 1858 680 1918 Satz,
702 1860 754 1920 daß
792 1857 840 1917 die
867 1855 1058 1915 Ueppigkeit
1091 1855 1234 1915 (luxus)
1256 1858 1303 1918 die

323 1909 498 1969 Tugenden
521 1906 640 1966 mehre.
664 1903 731 1963 (S.
743 1903 822 1963 59.)
857 1904 919 1964 Oft
931 1903 964 1963 ist
976 1905 1004 1965 er
1028 1906 1084 1966 uns
1107 1906 1175 1966 auch
1192 1906 1220 1966 zu
1255 1903 1311 1963 sto=

316 1958 395 2018 isch.
418 1957 463 2017 Er
486 1954 616 2014 verliert
639 1953 661 2013 in
684 1951 786 2011 China
809 1954 911 2014 wegen
940 1956 1035 2016 seiner
1059 1955 1177 2015 Abreise
1195 1952 1302 2012 Weib,

316 2007 448 2067 Tochter
478 2005 533 2065 und
567 2005 616 2065 das
651 2005 823 2065 Seinige,
846 2005 907 2065 und
941 2008 1030 2068 denkt
1053 2008 1113 2068 nur
1148 2005 1169 2065 in
1204 2002 1286 2062 einem

319 2057 438 2117 Briefe
455 2056 511 2116 mit
529 2053 814 2113 Gleichgültigkeit
838 2055 951 2115 daran.
963 2053 1002 2113 --
1031 2052 1082 2112 Es
1106 2052 1230 2112 kommt
1242 2049 1298 2109 uns

313 2109 380 2169 auch
404 2106 477 2166 vor,
506 2106 557 2166 daß
586 2106 654 2166 man
683 2103 711 2163 so
734 2103 796 2163 viel
814 2103 984 2163 Ehrfurcht
1007 2102 1058 2162 für
1076 2100 1121 2160 die
1144 2100 1291 2160 Religion

323 2154 418 2214 haben
447 2151 537 2211 solte,
561 2151 612 2211 daß
641 2151 685 2211 ein
714 2151 839 2211 Christ,
862 2148 947 2208 wenn
976 2151 1003 2211 er
1027 2151 1095 2211 auch
1129 2148 1213 2208 einen
1237 2147 1310 2207 Hei¬

315 2199 362 2259 den
395 2196 506 2256 redend
538 2196 708 2256 einführt,
730 2193 772 2253 sie
804 2193 867 2253 doch
905 2195 984 2255 nicht
1001 2199 1086 2259 durch
1118 2196 1165 2256 ihn
1198 2196 1293 2256 tadeln

324 2243 393 2303 oder
416 2240 572 2300 verlachen
600 2237 686 2297 laßen
714 2237 805 2297 solte,
828 2237 886 2297 wie
909 2245 989 2305 hier,
1011 2246 1147 2306 obgleich
1169 2243 1228 2303 mit
1239 2240 1303 2300 sehr

317 2291 381 2351 viel
402 2285 584 2345 Mäßigkeit
611 2285 676 2345 (S.
696 2285 754 2345 18.
775 2285 853 2345 156.
867 2289 951 2349 247.
959 2294 1062 2354 341.)
1076 2293 1265 2353 geschieht.-

322 2339 386 2399 Die
406 2333 598 2393 Nachricht,
618 2330 662 2390 die
682 2330 739 2390 wir
766 2330 829 2390 hier
849 2331 900 2391 von
927 2339 1016 2399 diesem
1055 2342 1151 2402 Buch
1171 2339 1299 2399 ertheilt

316 2389 444 2449 haben,
468 2384 543 2444 wird
573 2380 665 2440 unsre
695 2380 776 2440 Leser
800 2378 881 2438 schon
916 2383 968 2443 zur
992 2390 1137 2450 Kentnis
1161 2390 1207 2450 des
1237 2389 1300 2449 Jn=

318 2437 405 2497 halts
431 2433 537 2493 dienen
570 2429 720 2489 können;
752 2426 827 2486 aber
860 2427 928 2487 noch
954 2435 1047 2495 lange
1068 2436 1149 2496 nicht
1168 2437 1199 2497 zu
1231 2437 1281 2497 dem

320 2482 513 2542 Vergnügen
538 2479 713 2539 gereichen,
738 2473 870 2533 welches
889 2476 980 2536 ihnen
1011 2481 1052 2541 die
1071 2482 1295 2542 Durchlesung

320 2531 467 2591 deßelben
499 2530 640 2590 reichlich
678 2524 844 2584 gewähren
882 2524 980 2584 wird.
1030 2527 1147 2587 Kosten
1185 2531 1215 2591 in
1246 2533 1301 2593 der

317 2580 524 2640 Kanterschen
544 2575 808 2635 Buchhandlung
834 2572 940 2632 allhier
966 2575 1022 2635 wie
1042 2577 1110 2637 auch
1130 2578 1154 2638 in
1180 2579 1293 2639 Elbing

314 2631 376 2691 und
405 2629 513 2689 Mitau
543 2629 554 2689 2
577 2629 617 2689 fl.
635 2629 668 2689 15
686 2628 737 2688 gr.

727 2718 885 2778 Halle.

391 2766 480 2826 „D.
499 2766 687 2826 Siegmund
712 2769 814 2829 Jacob
845 2763 1093 2823 Baumgartens
1118 2769 1299 2829 Erklärung

308 2820 386 2880 des
411 2822 551 2882 Briefes
577 2820 685 2880 Bauli
705 2823 741 2883 an
766 2823 814 2883 die
833 2817 1010 2877 Hebräer;
1035 2816 1095 2876 mit
1115 2820 1218 2880 Herrn
1243 2823 1303 2883 An¬

1342 339 1458 399 „dreas
1481 343 1597 403 Gottl.
1614 345 1719 405 Masch
1748 345 1991 405 Anmerkungen
2025 345 2080 405 und
2108 346 2330 406 Paraphrasi,

1343 383 1436 443 "auch
1464 386 1513 446 D.
1530 389 1618 449 Joh.
1630 393 1717 453 Sal.
1734 395 1888 455 Semlers
1917 392 2098 452 Beyträgen
2132 392 2159 452 zu
2192 395 2330 455 genaue=

1340 426 1413 486 "rer
1436 435 1572 495 Einsicht
1596 437 1692 497 dieses
1716 443 1869 503 Briefes.
1887 443 1920 503 4.
1943 440 2051 500 1763.
2063 440 2080 500 3
2109 440 2268 500 Alphabet
2291 440 2324 500 20

1344 481 1531 541 „Bogen.”
1587 482 1636 542 Es
1670 483 1708 543 ist
1737 491 1896 551 bekannt,
1919 488 1968 548 daß
1996 489 2090 549 dieser
2113 488 2212 548 Brief
2240 488 2323 548 eines

1341 533 1394 593 der
1410 530 1579 590 schwersten
1601 533 1722 593 Stüͤcke
1739 536 1823 596 unter
1850 538 1897 598 den
1929 537 2061 597 heiligen
2089 536 2247 596 Schriften
2274 536 2321 596 des

1341 580 1394 640 N.
1411 578 1497 638 Test.
1519 579 1567 639 ist,
1595 578 1696 638 worin
1724 582 1923 642 jetztlebende
1946 584 2139 644 vortrefliche
2162 583 2328 643 Gelehrte,

1340 628 1525 688 Ausleger,
1552 626 1805 686 Sprachkenner
1836 630 1903 690 noch
1934 634 2063 694 manche
2090 634 2218 694 Stellen
2255 631 2332 691 aus¬

1345 674 1499 734 zeichnen,
1510 673 1618 733 welche
1639 673 1705 733 noch
1737 676 1850 736 immer
1872 677 1953 737 nicht
1975 679 2026 739 das
2052 679 2129 739 helle
2155 679 2325 739 natürliche

1336 724 1416 784 Licht
1438 722 1576 782 erhalten
1608 721 1730 781 haben,
1752 721 1854 781 worin
1881 724 1944 784 man
1977 727 2083 787 wahre
2105 730 2163 790 und
2196 728 2323 788 richtige

1340 769 1567 829 Auslegungen
1597 769 1651 829 von
1686 769 1887 829 Meinungen
1918 773 2154 833 unterscheidet.
2179 775 2194 835 -

1342 817 1381 877 ist
1399 818 1472 878 aber
1496 818 1568 878 auch
1603 816 1671 876 eben
1705 815 1727 875 so
1750 816 1909 876 bekannt,
1937 816 1993 876 wie
2023 819 2084 879 viel
2108 825 2322 885 vorzügliches

1340 864 1384 924 die
1407 867 1707 927 Baumgartensche
1730 861 1863 921 Exegese
1886 864 2070 924 überhaupt
2087 868 2181 928 habe,
2199 873 2242 933 als
2271 873 2321 933 daß

1340 913 1397 973 wir
1427 914 1513 974 unsre
1544 914 1682 974 Blätter
1706 912 1770 972 mit
1794 909 1840 969 dem
1887 906 1968 966 Lobe
1998 912 2149 972 derselben
2184 921 2317 981 anfüllen

1344 960 1485 1020 dörften.
1531 960 1609 1020 Wir
1628 960 1729 1020 wollen
1758 960 1871 1020 dahero
1900 957 1956 1017 nur
1980 957 2064 1017 einen
2088 960 2189 1020 kurzen
2213 966 2331 1026 Begrif

1342 1004 1401 1064 von
1428 1006 1525 1066 diesem
1564 1007 1677 1067 Werke
1699 1005 1839 1065 machen.
1867 1001 1877 1061 —
1937 1004 2023 1064 Nach
2061 1004 2142 1064 einer
2164 1013 2321 1073 bündigen

1346 1051 1400 1111 und
1426 1052 1531 1112 kurzen
1557 1055 1698 1115 Vorrede
1713 1054 1763 1114 des
1774 1052 1874 1112 Herrn
1900 1049 1949 1109 D.
1965 1052 2141 1112 Semlers,
2157 1053 2181 1113 in
2202 1058 2322 1118 welcher

1345 1099 1371 1159 er
1398 1099 1561 1159 besonders
1588 1100 1730 1160 anzeigt,
1752 1100 1804 1160 daß
1831 1097 1925 1157 dieses
1952 1098 2047 1158 Werk
2068 1100 2120 1160 aus
2148 1102 2231 1162 einer
2248 1105 2332 1165 Vor¬

1342 1145 1445 1205 lesung
1475 1145 1523 1205 des
1553 1146 1626 1206 seel.
1652 1148 1877 1208 Baumgarten
1917 1148 2123 1208 entstanden,
2148 1149 2207 1209 und
2237 1151 2325 1211 durch

1346 1190 1446 1250 Herrn
1483 1193 1763 1253 Consistorialrath
1795 1196 1964 1256 Maschens
1991 1196 2107 1256 Hände
2134 1196 2186 1256 das
2213 1198 2334 1258 gewor¬

1347 1238 1396 1298 den
1430 1240 1495 1300 sey,
1518 1240 1585 1300 was
1613 1240 1640 1300 es
1668 1240 1729 1300 ist,
1752 1242 1917 1302 erscheinen
1958 1243 2129 1303 zuförderst
2147 1243 2223 1303 seine
2246 1245 2334 1305 Bey¬

1343 1288 1432 1348 träge
1465 1290 1490 1350 zu
1523 1288 1696 1348 genauerer
1723 1291 1860 1351 Einsicht
1887 1291 1987 1351 dieses
2009 1291 2161 1351 Briefes.
2209 1293 2256 1353 Er
2283 1294 2330 1354 re¬

1348 1339 1395 1399 det
1412 1339 1437 1399 in
1465 1340 1622 1400 denselben
1649 1339 1702 1399 von
1734 1342 1781 1402 dem
1824 1339 2018 1399 unstrittigen
2045 1342 2198 1402 Verfaßer
2220 1342 2330 1402 dersel¬

1349 1389 1426 1449 ben,
1443 1390 1570 1450 welches
1598 1390 1625 1450 er
1653 1390 1709 1450 auf
1731 1392 1797 1452 eine
1814 1390 1891 1450 neue
1919 1393 1974 1453 und
1991 1393 2041 1453 ihm
2080 1393 2185 1453 eigene
2208 1393 2262 1453 Art
2285 1391 2334 1451 ab¬

1348 1437 1501 1497 handelt:
1528 1437 1639 1497 sodann
1660 1437 1713 1497 von
1750 1440 1803 1500 der
1819 1437 1904 1497 Zeit,
1920 1442 1946 1502 in
1973 1440 2100 1500 welcher
2122 1443 2253 1503 derselbe
2280 1440 2333 1500 ge¬

1343 1485 1490 1545 schrieben
1519 1488 1665 1548 worden,
1689 1488 1745 1548 und
1768 1488 1892 1548 hierauf
1915 1489 1994 1549 folgt
2017 1491 2079 1551 eine
2102 1491 2237 1551 bündige
2261 1488 2334 1548 Pa¬

1346 1533 1496 1593 raphrase
1524 1533 1572 1593 des
1605 1535 1723 1595 ganzen
1752 1533 1907 1593 Briefes,
1935 1536 2021 1596 deren
2054 1539 2248 1599 Richtigkeit
2265 1539 2324 1599 und

1344 1579 1486 1639 Grunde
1506 1578 1530 1638 in
1561 1578 1609 1638 den
1644 1578 1880 1638 untergesetzten
1910 1581 2151 1641 Anmerkungen
2181 1587 2323 1647 erwiesen

1345 1617 1444 1677 wird.
1470 1617 1483 1677 —

1537 1616 1615 1676 Wir
1630 1619 1738 1679 müßen
1769 1622 1798 1682 es
1828 1625 1985 1685 gestehen,
1996 1625 2045 1685 daß
2070 1628 2148 1688 Herr
2169 1629 2217 1689 D.
2233 1631 2336 1691 Sem¬

1349 1658 1388 1718 ler
1413 1661 1496 1721 nicht
1517 1661 1541 1721 in
1561 1661 1609 1721 den
1640 1664 1865 1724 gewöhnlichen
1890 1667 1998 1727 Fehler
2023 1670 2072 1730 der
2087 1673 2323 1733 Paraphrasten

1347 1709 1433 1769 fällt,
1457 1709 1566 1769 welche
1584 1711 1636 1771 bey
1672 1712 1787 1772 einem
1833 1712 1932 1772 Wort
1961 1715 1984 1775 im
2025 1717 2106 1777 Text
2124 1721 2198 1781 alles
2222 1722 2331 1782 sagen,

1345 1757 1411 1817 was
1434 1757 1461 1817 in
1489 1760 1661 1820 entfernter
1684 1763 1745 1823 und
1774 1763 1868 1823 naher
1896 1766 2085 1826 Beziehung
2114 1770 2169 1830 nur
2187 1772 2236 1832 von
2264 1772 2308 1832 dem

1346 1808 1447 1868 Wort
1459 1812 1567 1872 gesagt
1585 1812 1704 1872 werden
1738 1814 1835 1874 kann,
1864 1816 1903 1876 ob
1927 1817 1955 1877 es
1984 1818 2074 1878 gleich
2103 1819 2159 1879 gar
2177 1819 2262 1879 nicht
2280 1822 2330 1882 zur

1351 1857 1524 1917 Connexion
1557 1861 1713 1921 gehöret:
1736 1864 1871 1924 dagegen
1904 1866 1974 1926 aber
1996 1867 2028 1927 ist
2050 1867 2077 1927 in
2104 1864 2196 1924 dieser
2224 1868 2331 1928 Para¬

1345 1905 1452 1965 phrase
1485 1909 1523 1969 ein
1556 1911 1675 1971 Schatz
1698 1912 1789 1972 vieler
1822 1915 2082 1975 Gelehrsamkeit
2104 1914 2163 1974 und
2202 1912 2331 1972 wahr¬

1341 1956 1508 2016 haftige
1548 1959 1677 2019 Exegese
1705 1960 1786 2020 ohne
1814 1960 2041 2020 Einmischung
2074 1963 2127 2023 von
2156 1960 2328 2020 angenom¬

1345 2004 1447 2064 menen
1479 2005 1535 2065 und
1567 2005 1680 2065 immer
1707 2005 1919 2065 nachgesetzten
1950 2010 2192 2070 Erklärungen,
2209 2011 2260 2071 auf
2281 2010 2332 2070 de¬

1343 2049 1390 2109 ren
1412 2052 1659 2112 Beybehaltung
1686 2052 1749 2112 man
1781 2054 1902 2114 dringt,
1924 2056 1997 2116 weil
2019 2058 2055 2118 sie
2077 2058 2229 2118 erbaulich
2256 2058 2314 2118 seyn

1346 2100 1467 2160 sollten.
1478 2099 1519 2159 --
1552 2097 1599 2157 Es
1621 2097 1700 2157 wird
1727 2097 1773 2157 der
1790 2097 1932 2157 Arbeiten
1954 2103 2001 2163 der
2017 2106 2133 2166 Herren
2160 2106 2329 2166 Carpzow,

1342 2148 1495 2208 Cramers
1518 2143 1581 2203 und
1604 2145 1780 2205 Michaelis
1810 2149 2020 2209 allenthalben
2049 2154 2111 2214 mit
2129 2155 2237 2215 großem
2277 2157 2333 2217 Lo¬

1344 2193 1378 2253 be
1402 2196 1553 2256 gedacht;
1582 2190 1716 2250 obgleich
1746 2190 1821 2250 diese
1845 2193 1903 2253 und
1932 2195 2001 2255 jene
2025 2200 2240 2260 Abweichung
2264 2202 2322 2262 und

1344 2243 1627 2303 Verschiedenheit
1645 2237 1695 2297 von
1724 2240 1883 2300 denselben
1912 2243 1974 2303 mit
1992 2244 2184 2304 unterläuft.
2230 2249 2275 2309 Z.
2287 2249 2331 2309 E.

1342 2290 1427 2350 Cap.
1444 2292 1471 2352 1,
1483 2291 1541 2351 14.
1569 2285 1645 2345 wird
1667 2285 1720 2345 von
1748 2288 1829 2348 Herr
1857 2291 1986 2351 Cramer
2009 2291 2133 2351 gesagt,
2160 2294 2214 2354 daß
2242 2294 2268 2354 er
2291 2295 2317 2355 zu

1346 2339 1407 2399 sehr
1431 2338 1486 2398 auf
1510 2336 1554 2396 die
1577 2331 1713 2391 Worte:
1742 2336 1865 2396 ererben
1900 2339 1950 2399 die
1979 2339 2165 2399 Seligkeit,
2194 2342 2312 2402 gesehen

1342 2387 1424 2447 habe
1452 2387 1507 2447 und
1541 2381 1591 2441 der
1619 2381 1740 2441 Dienst
1757 2384 1806 2444 der
1829 2387 1940 2447 Engel
1963 2385 2040 2445 wird
2062 2385 2123 2445 mit
2146 2390 2328 2450 Gründen,

1345 2433 1394 2493 bey
1422 2433 1517 2493 dieser
1540 2429 1650 2489 Stelle
1674 2431 1729 2491 von
1757 2435 1857 2495 Herrn
1891 2435 2025 2495 Semler
2048 2435 2102 2495 nur
2125 2437 2181 2497 auf
2204 2440 2248 2500 die
2271 2443 2331 2503 ein¬

1348 2481 1541 2541 geschränkt,
1559 2476 1607 2536 die
1626 2476 1643 2536 in
1668 2480 1801 2540 leibliche
1820 2485 1903 2545 Noth
1928 2482 1982 2542 und
2007 2484 2133 2544 Gefahr
2153 2487 2230 2547 sind.
2255 2490 2327 2550 Die

1345 2530 1458 2590 Worte
1480 2524 1561 2584 Cap.
1583 2526 1642 2586 13,
1653 2527 1686 2587 7.
1697 2530 1859 2590 verbindet
1876 2530 1902 2590 er
1919 2533 1978 2593 mit
1995 2533 2038 2593 den
2066 2536 2222 2596 vorigen:
2239 2536 2324 2596 Gott

1344 2578 1420 2638 wird
1454 2574 1520 2634 euch
1553 2573 1714 2633 versorgen
1753 2578 1808 2638 und
1836 2581 1913 2641 nicht
1935 2582 2140 2642 versäumen.
2190 2587 2322 2647 Denket

1341 2624 1504 2684 deswegen
1532 2620 1562 2680 an
1589 2620 1657 2680 eure
1679 2625 1805 2685 Lehrer,
1822 2629 1842 2689 in
1874 2629 1938 2689 was
1965 2629 2011 2689 für
2033 2632 2154 2692 eigenen
2181 2632 2323 2692 Umstän¬

1330 2676 1381 2736 den
1408 2673 1444 2733 sie
1465 2667 1590 2727 waren,
1617 2667 1647 2727 da
1674 2670 1710 2730 sie
1731 2674 1798 2734 euch
1825 2676 1877 2736 das
1909 2678 2007 2738 Wort
2023 2679 2158 2739 bekannt
2180 2678 2309 2738 machten

1336 2724 1370 2784 u.
1382 2723 1409 2783 s.
1421 2719 1449 2779 f.
1489 2714 1568 2774 Wir
1591 2717 1698 2777 wollen
1727 2724 1789 2784 uns
1812 2724 1840 2784 in
1869 2727 2027 2787 mehreres
2056 2727 2141 2787 nicht
2158 2724 2322 2784 einlaßen,

1340 2769 1394 2829 und
1423 2764 1505 2824 wenn
1533 2763 1588 2823 wir
1617 2766 1721 2826 gesagt
1749 2772 1876 2832 haben,
1905 2774 1954 2834 daß
1988 2774 2031 2834 die
2054 2775 2231 2835 Erklärung
2265 2772 2314 2832 des

1334 2820 1437 2880 Herrn
1473 2814 1524 2874 D.
1542 2817 1791 2877 Baumgartens
1815 2823 1906 2883 seinen
1942 2825 2069 2885 übrigen
2099 2823 2173 2883 schon
2203 2820 2323 2880 erschie¬

2199 2870 2310 2930 nenen
