2479 3508
278 374 444 434 Roterdam
484 370 527 430 die
550 366 728 426 geforderte
751 366 984 426 Gnugthuung
1007 366 1112 426 wegen
1135 369 1179 429 der
1201 369 1251 429 ihm

282 420 467 480 entrissenen
494 415 663 475 Matrosen
696 413 775 473 nicht
797 415 976 475 verschaffen
1003 413 1135 473 wollen,
1162 415 1209 475 sich
1231 415 1278 475 ge¬

280 469 433 529 nöthiget
455 464 613 524 gesehen,
635 461 735 521 seinen
767 461 835 521 Hof
868 461 962 521 davon
995 463 1020 523 zu
1058 464 1280 524 benachrichti¬

285 518 364 578 gen.
412 514 485 574 Aus
517 509 639 569 London
677 512 850 572 vernimmt
877 512 972 572 man,
999 511 1052 571 daß
1084 512 1131 572 der
1153 512 1199 572 sich
1226 511 1279 571 da¬

296 563 382 623 selbst
398 560 603 620 aufhaltende
620 560 722 620 Prinz
744 560 798 620 von
825 557 1100 617 Anhalt=Deßau,
1112 560 1160 620 zur
1182 560 1279 620 Rück¬

292 613 361 673 kehr
387 610 411 670 in
442 609 517 669 seine
548 607 688 667 Staaten
719 607 970 667 Vorkehrungen
1001 607 1116 667 macht.
1122 607 1192 667 Der
1208 606 1277 666 vor¬

283 660 424 720 mahlige
452 656 654 716 französische
688 655 867 715 Minister,
895 652 1005 712 Ritter
1027 652 1179 712 d'Eon,
1207 654 1283 714 wel¬

285 707 350 767 cher
376 707 427 767 von
458 706 641 766 Frankreich
667 703 717 763 für
743 703 875 763 thöricht
896 703 1013 763 erklärt
1034 703 1181 763 worden,
1197 703 1272 763 wird

297 757 389 817 seinem
437 754 622 814 Schicksahl
638 751 689 811 dem
732 751 871 811 Ansehen
897 751 969 811 nach
995 751 1186 811 überlaßen.
1233 748 1279 808 Er

292 807 395 867 bleibt
411 803 468 863 nun
499 801 613 861 immer
634 798 659 858 in
691 797 784 857 seinem
826 798 929 858 Hause
961 798 1018 858 und
1044 798 1210 858 belustiget
1231 795 1277 855 sich

281 852 339 912 mit
361 849 673 909 Bücherschreiben,
695 845 738 905 die
760 843 792 903 er
808 845 867 905 auf
889 846 969 906 seine
997 846 1115 906 Kosten
1148 844 1276 904 drucken

292 900 377 960 läßt.
423 895 502 955 Erst
531 894 663 954 kürzlich
692 893 748 953 hat
778 893 805 953 er
835 891 920 951 eines
955 894 1052 954 seiner
1075 894 1189 954 Werke
1218 891 1269 951 dem

294 945 372 1005 Lord
402 942 490 1002 Bute
511 942 712 1002 zugeeignet,
732 942 889 1002 worinnen
924 939 948 999 er
973 939 1022 999 den
1052 942 1214 1002 Ursprung
1234 939 1283 999 der

297 991 519 1051 französischen
551 987 747 1047 Monarchie
779 990 837 1050 aus
869 987 916 1047 den
960 987 1038 1047 alten
1076 990 1276 1050 Egyptischen

293 1043 401 1103 Zeiten
433 1038 578 1098 herleiten
609 1034 693 1094 will.

569 1083 718 1143 Haag,
747 1080 799 1140 den
834 1081 868 1141 9.
897 1079 1018 1139 März.

350 1130 424 1190 Der
448 1130 603 1190 Minister
633 1129 684 1189 der
719 1126 823 1186 Herrn
859 1124 1124 1184 Generalstaaten
1153 1127 1182 1187 zu
1211 1126 1291 1186 Lon¬

300 1184 382 1244 don,
409 1180 496 1240 Herr
517 1176 604 1236 Graf
626 1173 682 1233 von
713 1171 879 1231 Welderen
910 1172 961 1232 hat
983 1173 1028 1233 dem
1070 1172 1183 1232 dasigen
1210 1169 1292 1229 Hofe

303 1228 402 1288 öfters
440 1228 471 1288 zu
503 1224 651 1284 erkennen
689 1219 847 1279 gegeben;
874 1212 895 1272 "
922 1217 979 1277 daß
1012 1219 1107 1279 Ihro
1134 1216 1292 1276 Hochmö¬

301 1275 444 1335 „genden
478 1275 527 1335 seit
556 1273 605 1333 der
628 1267 949 1327 Wiederherstellung
982 1267 1037 1327 des
1071 1265 1220 1325 Friedens
1243 1262 1292 1322 ge¬

297 1325 411 1385 „hoft,
439 1325 492 1385 der
520 1321 824 1381 Großbrittanische
852 1318 922 1378 Hof
950 1316 1064 1376 würde
1091 1317 1140 1377 der
1168 1315 1281 1375 bereits

295 1370 433 1430 „vorhin
460 1374 630 1434 demselben
657 1369 854 1429 geschehenen
881 1369 1100 1429 Vorstellung,
1117 1368 1217 1428 wegen
1244 1366 1286 1426 der

307 1422 523 1482 „währendes
549 1419 683 1479 Krieges
714 1416 765 1476 den
798 1416 1013 1476 Unterthanen
1045 1416 1091 1476 der
1117 1416 1287 1476 Republick

302 1471 554 1531 „genommenen
586 1465 709 1525 Schiffe
736 1464 792 1524 und
823 1466 988 1526 Waaren,
1004 1463 1040 1523 um
1076 1464 1102 1524 so
1133 1464 1200 1524 viel
1216 1461 1287 1521 eher

307 1516 446 1576 „Gehör
472 1515 591 1575 geben,
617 1515 653 1575 da
679 1512 891 1572 verschiedene
912 1514 1067 1574 Familien
1093 1512 1118 1572 in
1145 1512 1196 1572 den
1227 1509 1294 1569 ver¬

305 1564 464 1624 "einigten
495 1563 732 1623 Niederlanden
763 1560 850 1620 durch
882 1560 958 1620 diese
984 1560 1169 1620 Arretirung
1201 1557 1288 1617 ihrer

302 1607 438 1667 "Güter
459 1613 484 1673 in
510 1610 560 1670 das
586 1610 728 1670 äußerste
744 1608 840 1668 Elend
871 1605 1012 1665 versetzet
1028 1605 1155 1665 wären,
1166 1603 1292 1663 welches

303 1652 373 1712 „sie
392 1661 461 1721 auch
490 1658 512 1718 so
536 1655 629 1715 lange
657 1652 801 1712 erdulden
835 1649 988 1709 müßten,
1011 1648 1057 1708 bis
1091 1646 1160 1706 man
1193 1643 1285 1703 ihner

311 1703 575 1763 „Gerechtigkeit
591 1695 816 1755 wiederfahren
846 1691 934 1751 laßen
954 1688 1092 1748 würde."
1151 1685 1297 1745 Hierauf

309 1748 368 1808 hat
393 1748 452 1808 vor
482 1742 590 1802 kurzem
630 1739 689 1799 das
720 1739 823 1799 Engl.
843 1736 1055 1796 Ministerium
1100 1733 1154 1793 dem
1195 1734 1293 1794 Herrn

313 1796 437 1856 Grafen
470 1793 523 1853 von
546 1790 707 1850 Welderen
735 1787 783 1847 die
800 1787 1021 1847 Versicherung
1049 1784 1216 1844 ertheilt:"
1238 1784 1286 1844 daß

320 1842 414 1902 "Se.
431 1839 758 1899 Grosbrittannische
779 1834 916 1894 Majest.
938 1834 1022 1894 ihren
1049 1834 1291 1894 Admiralitäten

318 1888 479 1948 "Befehle
507 1888 679 1948 zufertigen
713 1882 841 1942 würden
875 1882 930 1942 alle
953 1885 1181 1945 Beschwerden
1209 1879 1297 1939 dieser

312 1933 400 1993 »Art
426 1939 478 1999 auf
499 1936 556 1996 das
582 1933 743 1993 genaueste
764 1930 795 1990 zu
822 1933 1039 1993 untersuchen,
1056 1933 1112 1993 und
1144 1933 1195 1993 von
1222 1930 1289 1990 allen

313 1987 530 2047 "dergleichen
559 1981 725 2041 Vorfallen
755 1981 888 2041 Bericht
905 1984 933 2044 zu
961 1984 1122 2044 erstatten,
1140 1978 1295 2038 immaßen

308 2030 409 2090 "Sr.
432 2036 572 2096 Majest.
589 2031 898 2091 Willensmeynung
927 2031 971 2091 sey
1000 2031 1044 2091 den
1073 2026 1292 2086 Unterthanen

313 2080 393 2140 "der
426 2084 594 2144 Republick
627 2079 675 2139 die
703 2080 957 2140 vollkommenste
980 2079 1217 2139 Gerechtigkeit
1234 2073 1304 2133 wie¬

320 2135 509 2195 „derfahren
542 2132 568 2192 zu
601 2130 730 2190 laßen."
763 2124 832 2184 Die
860 2127 957 2187 öftere
984 2127 1216 2187 Conferenzen,
1233 2124 1307 2184 wel¬

321 2181 363 2241 che
386 2183 434 2243 der
456 2178 565 2238 Ritter
598 2175 712 2235 Yorcke
734 2172 788 2232 seit
815 2175 940 2235 einiger
962 2177 1027 2237 Zeit
1054 2177 1114 2237 mit
1131 2173 1184 2233 den
1212 2172 1304 2232 Glie¬

323 2229 390 2289 dern
422 2223 470 2283 der
490 2220 675 2280 Regierung
700 2217 842 2277 gehabt,
861 2223 953 2283 haben
991 2224 1058 2284 auch
1091 2220 1300 2280 vermuthlich

329 2270 426 2330 diesen
452 2266 655 2326 Gegenstand
680 2261 852 2321 betroffen.
896 2268 969 2328 Die
989 2270 1185 2330 Deputirten
1223 2267 1308 2327 unse¬

324 2322 374 2382 rer
394 2315 606 2375 Admiralität
633 2310 696 2370 sind
723 2309 786 2369 jetzt
813 2311 915 2371 damit
935 2319 1121 2379 beschäftigt
1148 2318 1205 2378 alle
1231 2318 1288 2378 zum

331 2367 480 2427 Beweise
507 2360 629 2420 unserer
664 2357 786 2417 Rechte
813 2360 871 2420 und
904 2366 1132 2426 Anforderung
1159 2366 1307 2426 dienliche

330 2417 474 2477 Papiere
493 2408 691 2468 aufzusuchen
728 2407 782 2467 und
813 2405 836 2465 in
861 2412 1017 2472 Ordnung
1042 2415 1072 2475 zu
1096 2416 1253 2476 bringen.

576 2467 739 2527 Paris,
763 2464 816 2524 den
852 2466 909 2526 12.
940 2470 1056 2530 Merz.

328 2582 473 2642 Anzeige
486 2581 510 2641 im
543 2578 737 2638 Parlament
751 2572 801 2632 bey
820 2570 863 2630 der
883 2575 1129 2635 Versammlung
1148 2583 1192 2643 der
1212 2583 1311 2643 Pairs

329 2630 388 2690 von
412 2629 482 2689 allem
518 2626 707 2686 demjenigen
731 2622 778 2682 ab,
796 2620 867 2680 was
885 2623 1079 2683 Sonntags,
1092 2629 1121 2689 da
1139 2630 1186 2690 die
1204 2632 1316 2692 Depu=

333 2678 427 2738 tation
457 2676 509 2736 dem
545 2675 662 2735 Könige
686 2671 733 2731 die
757 2669 957 2729 Vorstellung
975 2674 1169 2734 übergeben,
1181 2676 1204 2736 zu
1234 2676 1316 2736 Ver=
1347 2682 1399 2742 8,
1424 2673 1529 2733 Leipz.
1553 2675 1647 2735 764,
1671 2679 1682 2739 a
1706 2679 1741 2739 12
1765 2679 1817 2739 gr.
1866 2679 2071 2739 Fortgesetzte
2090 2679 2165 2739 neue
2190 2676 2330 2736 genealo¬

328 2730 432 2790 sailles
461 2722 698 2782 vorgegangen.
728 2721 803 2781 Se.
815 2718 907 2778 Maj.
919 2718 1011 2778 haben
1041 2721 1086 2781 den
1110 2724 1197 2784 Eifer
1220 2724 1307 2784 Dero

328 2772 545 2832 Parlaments
568 2769 684 2829 gelobt,
702 2769 757 2829 und
780 2767 824 2827 sich
847 2766 963 2826 darauf
975 2766 1113 2826 erklärt;
1142 2772 1219 2832 daß,
1242 2775 1303 2835 wei

332 2825 412 2885 Sie
433 2820 500 2880 ihre
528 2820 670 2880 Befehle
691 2823 717 2883 in
745 2820 914 2880 Ansehung
948 2817 1002 2877 des
1029 2821 1225 2881 Erzbischofs
1253 2823 1307 2883 von

1317 366 1423 426 Paris
1449 366 1560 426 bereits
1592 370 1623 430 zu
1649 369 1799 429 erkennen
1831 366 1981 426 gegeben,
1994 363 2062 423 Sie
2082 363 2293 423 keinesweges

1317 416 1472 476 gemeinet
1494 416 1627 476 wären,
1644 418 1693 478 daß
1721 416 1776 476 das
1805 413 1998 473 Parlament
2021 410 2043 470 in
2076 407 2165 467 dieser
2193 408 2297 468 Sache

1314 463 1421 523 weiter
1443 461 1535 521 gehen
1561 464 1658 524 sollte.
1711 464 1850 524 Darauf
1871 463 1963 523 traten
1995 459 2035 519 die
2056 456 2143 516 Gens
2170 455 2200 515 du
2232 455 2298 515 Roi

1317 512 1381 572 ein,
1403 511 1435 571 um
1473 509 1543 569 auch
1565 509 1630 569 ihre
1652 511 1797 571 Schlüße
1820 512 1894 572 über
1923 509 2128 569 verschiedene
2145 503 2306 563 Vorwür¬

1311 562 1342 622 fe
1364 557 1565 617 abzugeben,
1581 557 1638 617 und
1666 559 1691 619 es
1719 560 1840 620 ergieng
1867 560 1936 620 eine
1957 553 2306 613 Parlamentsverord¬

1317 607 1425 667 nung,
1441 606 1495 666 daß
1523 604 1565 664 die
1588 604 1717 664 Schrift
1734 607 1826 667 unter
1843 607 1891 667 dem
1935 606 2043 666 Titel:
2076 601 2232 661 Adhésion
2260 601 2297 661 de

1317 654 1409 714 Mgr.
1420 655 1578 715 l'Eveque
1601 649 1770 709 d'Amiens
1798 652 1808 712 à
1830 652 2060 712 l'Instruction
2088 647 2240 707 pastorale
2268 647 2300 707 de

1322 700 1414 760 Mgr.
1425 697 1664 757 l'Archeveque
1692 697 1724 757 de
1741 697 1821 757 Paris
1844 701 1930 761 durch
1952 701 2001 761 den
2029 697 2234 757 Nachrichter
2251 696 2310 756 zer=

1321 751 1405 811 rißen
1446 751 1506 811 und
1537 745 1717 805 verbrannt
1743 743 1859 803 werden
1899 747 1999 807 sollte.
2045 748 2115 808 Auf
2136 745 2286 805 eingegan

1317 798 1419 858 genen
1452 795 1587 855 Bericht
1604 792 1658 852 von
1691 792 1739 852 der
1761 792 1907 852 geringen
1935 792 2059 852 Anzahl
2076 795 2124 855 der
2146 792 2308 852 Jesuiten,

1326 846 1431 906 welche
1459 846 1506 906 sich
1538 845 1585 905 dem
1629 838 1883 898 Gerichtsschluß
1910 838 1963 898 vom
2011 840 2117 900 22sten
2144 840 2239 900 Febr.
2261 840 2308 900 fü¬

1321 894 1403 954 gen,
1419 894 1470 954 hat
1491 894 1542 954 das
1569 891 1769 951 Parlament
1790 885 1863 945 allen
1889 885 2100 945 denjenigen,
2116 888 2224 948 welche
2250 888 2296 948 den

1322 939 1430 999 darinn
1463 941 1750 1001 vorgeschriebenen
1783 933 1838 993 Eid
1866 933 1946 993 nicht
1969 932 2120 992 geleistet,
2132 936 2310 996 auferleget

1327 987 1380 1047 das
1408 990 1596 1050 Königreich
1629 987 1656 1047 in
1683 984 1753 1044 Zeit
1770 981 1823 1041 von
1861 981 1942 1041 einem
1991 978 2115 1038 Monat
2142 979 2168 1039 zu
2207 984 2287 1044 verla

1322 1031 1398 1091 ßen,
1427 1033 1481 1093 von
1510 1035 1553 1095 der
1576 1034 1825 1094 Kundmachung
1853 1027 1897 1087 des
1925 1024 2090 1084 Schlußes
2113 1025 2146 1085 an
2174 1028 2201 1088 zu
2229 1030 2284 1090 rech

1317 1078 1398 1138 nen.
1442 1080 1518 1140 Der
1541 1082 1622 1142 Herr
1650 1082 1676 1142 de
1699 1082 1726 1142 la
1754 1078 1885 1138 Borde,
1902 1071 2130 1131 Hofbanquier
2147 1070 2207 1130 hat
2224 1076 2310 1136 Mit¬

1324 1124 1366 1184 tel
1386 1126 1540 1186 gemacht,
1553 1130 1602 1190 für
1621 1127 1664 1187 die
1684 1129 1893 1189 Indianische
1913 1121 2110 1181 Compagnie
2123 1118 2185 1178 eine
2204 1121 2315 1181 Sum=

1327 1169 1377 1229 me
1401 1169 1451 1229 von
1480 1172 1490 1232 3
1520 1174 1570 1234 bis
1593 1175 1603 1235 4
1632 1175 1801 1235 Millionen
1830 1174 1937 1234 Livres
1966 1168 2225 1228 aufzubringen,
2243 1166 2315 1226 wel¬

1324 1216 1373 1276 che
1398 1216 1429 1276 zu
1460 1216 1546 1276 ihrer
1572 1219 1751 1279 Handlung
1776 1222 1968 1282 bestimmt,
1994 1219 2049 1279 und
2074 1215 2210 1275 alsobald
2235 1216 2302 1276 nach

1328 1267 1380 1327 dem
1415 1267 1530 1327 Orient
1550 1264 1738 1324 abgesendet
1758 1267 1897 1327 werden.

1567 1315 1768 1375 London,
1796 1315 1850 1375 vom
1894 1317 1954 1377 13.
1976 1315 2095 1375 März.

1376 1366 1450 1426 Der
1480 1366 1555 1426 Hof
1579 1366 1637 1426 hat
1661 1366 1712 1426 den
1748 1365 1911 1425 Entschluß
1946 1365 2050 1425 gefaßt
2086 1366 2131 1426 der
2155 1357 2317 1417 Indiani¬

1327 1417 1405 1477 schen
1434 1417 1637 1477 Compagnie
1661 1416 1733 1476 allen
1757 1413 1925 1473 möglichen
1954 1413 2112 1473 Beystand
2141 1412 2169 1472 zu
2203 1407 2315 1467 erthei¬

1326 1465 1397 1525 len,
1424 1467 1459 1527 um
1496 1466 1563 1526 ihre
1584 1464 1754 1524 Umstände
1781 1464 1806 1524 zu
1843 1464 1992 1524 Bengala
2019 1461 2132 1521 wieder
2153 1461 2210 1521 auf
2220 1458 2308 1518 guten

1327 1516 1391 1576 Fuß
1419 1514 1451 1574 zu
1479 1512 1586 1572 setzen.
1636 1512 1711 1572 Der
1733 1512 1803 1572 Lord
1831 1512 1922 1572 Clive
1950 1512 2025 1572 wird
2058 1509 2107 1569 sich
2140 1509 2231 1569 dahin
2270 1506 2318 1566 be¬

1332 1560 1445 1620 geben,
1462 1560 1518 1620 und
1547 1560 1604 1620 hat
1621 1560 1666 1620 die
1689 1560 1825 1620 Aufsicht
1848 1557 1893 1617 der
1916 1560 2199 1620 Angelegenheiten
2222 1557 2312 1617 dieser

1331 1607 1544 1667 Gesellschaft
1568 1604 1636 1664 über
1660 1604 1705 1664 sich
1735 1602 1942 1662 genommen.

1563 1646 1764 1706 Danzig,
1790 1646 1841 1706 den
1872 1646 1913 1706 30
1950 1649 2068 1709 März.

1377 1684 1453 1744 Der
1478 1688 1613 1748 Landtag
1643 1690 1672 1750 zu
1702 1688 1878 1748 Graudenz
1897 1691 1949 1751 hat
1974 1691 2073 1751 keinen
2098 1694 2239 1754 Bestand
2263 1694 2315 1754 ha¬

1331 1737 1389 1797 ben
1421 1739 1558 1799 können.
1607 1735 1680 1795 Die
1707 1736 1834 1796 Pohlen
1866 1737 1923 1797 sind
1951 1736 2003 1796 von
2036 1739 2183 1799 einander
2210 1739 2321 1799 gegan¬

1330 1791 1386 1851 gen
1415 1789 1465 1849 bey
1494 1790 1714 1850 Annäherung
1743 1788 1788 1848 des
1817 1790 1992 1850 Rußischen
2021 1790 2184 1850 Generals
2207 1790 2320 1850 Como¬

1333 1837 1419 1897 tows
1443 1837 1523 1897 ohne
1547 1837 1644 1897 etwas
1669 1840 1887 1900 anzufangen,
1900 1843 1957 1903 und
1981 1843 2038 1903 wir
2068 1843 2212 1903 erwarten
2247 1840 2322 1900 heu¬

1329 1885 1359 1945 te
1381 1888 1489 1948 unsere
1511 1891 1629 1951 Herren
1656 1891 1770 1951 wieder
1796 1889 1925 1949 zurück.

1634 1981 2024 2041 AVERTISSEMENT.

1386 2043 1442 2103 Da
1468 2043 1530 2103 mit
1556 2043 1606 2103 dem
1651 2043 1795 2103 heutigen
1827 2043 1934 2103 Stück
1954 2043 2003 2103 sich
2036 2040 2073 2100 ein
2112 2040 2206 2100 volles
2232 2037 2325 2097 Vier¬

1336 2093 1454 2153 teljahr
1484 2091 1641 2151 anfängt;
1665 2089 1693 2149 so
1716 2088 1835 2148 werden
1864 2091 1914 2151 die
1931 2091 2061 2151 hiesigen
2090 2091 2175 2151 resp.
2193 2088 2310 2148 Herren

1342 2138 1576 2198 Interessenten
1609 2136 1726 2196 hiemit
1746 2136 1863 2196 ersucht
1890 2139 2006 2199 darauf
2027 2140 2084 2200 mit
2105 2142 2117 2202 2
2144 2142 2176 2202 fl.
2196 2142 2221 2202 zu
2248 2139 2326 2199 prä¬

1334 2190 1547 2250 numeriren.

1392 2246 1470 2306 Bey
1498 2246 1550 2306 dem
1604 2243 1754 2303 Verleger
1782 2246 1879 2306 dieser
1906 2243 2038 2303 Zeitung
2065 2244 2110 2304 ist
2128 2248 2163 2308 zu
2190 2246 2321 2306 haben:

1346 2294 1451 2354 Codex
1473 2291 1705 2351 diplomaticus
1727 2291 1816 2351 regni
1837 2293 1969 2353 Poloniæ
2001 2288 2032 2348 et
2049 2291 2164 2351 magni
2186 2291 2323 2351 Ducatus

1342 2342 1540 2402 Lithuaniæ,
1552 2339 1673 2399 Tomus
1696 2339 1872 2399 Secundus,
1895 2339 1955 2399 fol.
1984 2336 2071 2396 Vilnæ
2105 2339 2143 2399 22
2166 2339 2199 2399 fl.
2210 2340 2243 2400 24
2277 2343 2326 2403 gr.

1347 2391 1589 2451 Abendstunden
1617 2387 1638 2447 in
1666 2390 1849 2450 lehrreichen
1877 2388 1936 2448 und
1963 2387 2174 2447 angenehmen
2207 2391 2325 2451 Erzah¬

1343 2438 1488 2498 lungen,
1512 2435 1623 2495 dritter
1647 2435 1763 2495 Theil,
1787 2439 1833 2499 8,
1857 2436 2002 2496 Breslau
2032 2435 2125 2495 764,
2149 2437 2166 2497 1
2190 2437 2224 2497 fl.
2243 2440 2254 2500 9
2278 2440 2329 2500 gr.

1346 2484 1558 2544 Sammlung
1590 2482 1785 2542 vermischter
1812 2484 1976 2544 Schriften
2014 2482 2066 2542 zur
2093 2488 2320 2548 Beförderung

376 2533 423 2593 Am
460 2531 525 2591 9ten
544 2530 573 2590 d.
586 2526 706 2586 stattete
724 2521 772 2581 der
790 2526 1096 2586 Premierpräsident
1115 2536 1307 2596 geziemende
1350 2534 1403 2594 der
1428 2530 1547 2590 schönen
1584 2535 1836 2595 Wißenschaften
1867 2533 1920 2593 und
1951 2531 2052 2591 freyen
2083 2536 2227 2596 Künste,
2246 2536 2317 2596 6ten

1351 2581 1489 2641 Bandes
1524 2578 1592 2638 2tes
1622 2581 1748 2641 Stück,
1772 2583 1817 2643 8,
1841 2581 1956 2641 Berlin
1991 2581 2083 2641 763,
2112 2584 2129 2644 1
2159 2584 2193 2644 fl.
2216 2584 2250 2644 24
2274 2584 2325 2644 gr.

1350 2628 1479 2688 Ernesti
1497 2626 1700 2686 theologische
1723 2630 1937 2690 Bibliotheck,
1955 2629 2023 2689 6tes
2051 2629 2107 2689 und
2125 2629 2192 2689 7res
2210 2629 2327 2689 Stück,

1348 2729 1446 2789 gische
1469 2720 1671 2780 Nachrichten
1701 2727 1787 2787 18tes
1811 2730 1932 2790 Stück,
1950 2730 1990 2790 8,
2013 2733 2117 2793 Leipz.
2129 2728 2215 2788 764,
2228 2727 2262 2787 12
2280 2725 2331 2785 gr.

1353 2789 1448 2849 Diese
1464 2781 1597 2841 Gelehrte
1612 2788 1671 2848 und
1694 2790 1849 2850 Politische
1864 2792 1990 2852 Zeitung
2013 2789 2086 2849 wird
2109 2787 2153 2847 des
2176 2784 2323 2844 Montags

1451 2827 1507 2887 und
1536 2832 1678 2892 Freytags
1701 2832 1723 2892 in
1752 2832 1791 2892 dem
1831 2832 2018 2892 Kanterschen
2053 2828 2222 2888 Buchladen

1733 2872 1946 2932 ausgegeben.
