2479 3508
312 391 402 451 keit
428 389 493 449 und
526 384 868 444 Gelehrsamkeit
901 383 1056 443 getrieben
1096 382 1198 442 wird.

321 437 461 497 wünscht
484 435 575 495 daher
598 431 657 491 nur
684 431 781 491 seinen
809 431 928 491 ärgsten
956 432 1091 492 Feinden
1119 431 1172 491 des
1195 429 1297 489 Philo

327 482 424 542 Witz,
445 482 501 542 und
533 479 619 539 schilt
646 479 692 539 ihn
734 479 785 539 für
816 476 898 536 einen
940 479 1058 539 elenden
1100 479 1156 539 und
1187 476 1305 536 unver¬

324 530 491 590 nünftigen
529 528 794 588 Schriftsteller,
834 527 947 587 möchte
980 527 1072 587 daher
1099 524 1169 584 gern
1202 527 1283 587 jedem

333 578 385 638 sein
412 575 549 635 Beyleid
571 576 740 636 bezeigen,
767 575 814 635 der
841 575 888 635 ihn
920 575 978 635 mit
1000 575 1190 635 Vergnügen
1222 572 1295 632 lesen

329 625 436 685 kann,
462 623 491 683 ob
521 625 584 685 man
614 625 663 685 ihn
688 624 776 684 gleich
806 622 859 682 aus
885 622 1130 682 Herrendienst,
1150 622 1208 682 und
1234 619 1306 679 weil

325 670 354 730 er
385 673 430 733 die
461 670 617 730 biblischen
653 670 874 730 Redensarten
910 670 1066 730 erläutern
1102 670 1197 730 hilft,
1223 667 1298 727 lesen

324 721 432 781 muß.
482 721 565 781 Was
595 718 698 778 findet
723 718 791 778 man
827 716 851 776 in
891 718 983 778 seinen
1018 718 1215 778 Deutungen
1250 714 1299 774 der

330 768 504 828 mosaischen
546 763 670 823 Gesetze
696 765 742 825 als
768 766 882 826 Zwang
919 765 980 825 und
1006 763 1300 823 Wortklauberey?

323 814 390 874 Und
411 813 441 873 am
473 810 561 870 Ende
577 810 633 870 sind
654 810 680 870 in
706 813 835 873 dunkeln
861 813 990 873 Bildern
1017 813 1187 873 alltägliche
1203 810 1301 870 Sätze

330 861 451 921 gesagt,
468 859 510 919 die
532 858 600 918 man
627 858 706 918 ohne
733 856 785 916 alle
807 858 924 918 Bilder
945 858 1072 918 gewußt
1094 858 1194 918 hätte.
1216 855 1311 915 Weil

323 906 510 966 unterdessen
541 906 668 966 Paulus
694 906 739 966 die
760 903 952 963 unrichtigen
978 906 1207 966 Auslegungen
1243 902 1298 962 von

326 952 377 1012 des
404 951 501 1011 Philo
528 954 672 1014 Schlage
693 954 806 1014 immer
833 951 884 1011 vor
905 951 1013 1011 Augen
1045 952 1184 1012 gehabt,
1205 951 1241 1011 ob
1272 949 1303 1009 er

332 1002 367 1062 sie
389 998 476 1058 gleich
502 998 584 1058 nicht
600 1001 723 1061 nennt:
744 995 774 1055 so
801 998 965 1058 empfiehlt
986 995 1032 1055 der
1053 996 1135 1056 Herr
1156 995 1295 1055 Hofratl

330 1049 381 1109 die
417 1046 639 1106 Antithese
681 1045 706 1105 in
753 1043 985 1103 Vergleichung
1023 1040 1135 1100 beyder
1167 1042 1316 1102 Schrift¬

332 1092 451 1152 steller,
476 1091 537 1151 und
566 1088 705 1148 bemerkt
734 1089 777 1149 als
811 1090 854 1150 ein
883 1088 983 1148 feiner
1003 1086 1127 1146 Kenner
1166 1088 1232 1148 auch
1267 1085 1299 1145 an

340 1139 439 1199 Pauli
465 1136 682 1196 Schreibart,
713 1138 768 1198 daß
799 1135 844 1195 die
874 1133 980 1193 Wahl
1011 1133 1111 1193 seiner
1147 1135 1303 1195 einzelnen

332 1187 511 1247 Ausdrücke
533 1181 615 1241 nicht
631 1183 852 1243 willkührlich,
868 1178 991 1238 sondern
1023 1181 1115 1241 genau
1142 1181 1198 1241 auf
1219 1178 1300 1238 einen

332 1235 471 1295 gewissen
497 1230 693 1290 Gegenstand
714 1228 859 1288 gerichtet
875 1228 900 1288 zu
931 1228 993 1288 seyn
1014 1225 1127 1285 pflege.
1138 1222 1148 1282 —
1200 1223 1303 1283 Wenn

333 1285 382 1345 der
405 1282 560 1342 Logos,
582 1282 632 1342 den
660 1279 759 1339 Philo
787 1276 814 1336 zu
843 1276 953 1336 unsern
976 1276 1130 1336 Fürbitter
1159 1273 1208 1333 bey
1231 1273 1307 1333 Gott

330 1333 458 1393 macht,
479 1330 588 1390 unsere
609 1330 712 1390 eigene
733 1327 903 1387 Vernunft
929 1326 965 1386 ist
992 1327 1048 1387 und
1074 1326 1105 1386 er
1131 1324 1229 1384 keinen
1260 1324 1291 1384 an

332 1380 402 1440 dern
429 1379 635 1439 Fürsprecher
662 1379 770 1439 nöthig
798 1375 917 1435 sindet:
950 1375 976 1435 so
1004 1375 1041 1435 ist
1069 1375 1123 1435 sein
1156 1375 1307 1435 Gedanke

330 1428 396 1488 eine
428 1426 541 1486 Frucht
567 1425 618 1485 des
645 1426 835 1486 natürlichen
867 1422 1093 1482 Hochmuths,
1120 1425 1227 1485 womit
1249 1422 1294 1482 sich

332 1474 384 1534 das
411 1473 607 1533 menschliche
628 1473 713 1533 Herz
735 1473 824 1533 gegen
851 1470 893 1530 die
920 1471 1131 1531 geoffenbarte
1153 1470 1300 1530 Religion

328 1524 495 1584 gebärdet.
544 1521 646 1581 Philo
669 1521 738 1581 will
761 1518 890 1578 alsdenn
923 1519 949 1579 so
977 1518 1041 1578 viel
1063 1518 1176 1578 sagen:
1198 1512 1214 1572 ”
1236 1514 1300 1574 Die

333 1565 476 1625 „Würde
504 1569 631 1629 unserer
648 1569 759 1629 Natur
787 1566 825 1626 ist
853 1566 941 1626 unser
969 1566 1113 1626 Priester
1141 1564 1196 1624 und
1230 1565 1312 1625 Für¬

331 1617 490 1677 „sprecher
513 1614 562 1674 bey
590 1613 706 1673 Gott."
761 1609 827 1669 Ein
850 1610 954 1670 Satz,
977 1613 1048 1673 sagt
1076 1612 1119 1672 der
1142 1610 1208 1670 Hr.
1225 1610 1307 1670 Hof=

327 1663 422 1723 rath;
447 1664 480 1724 an
509 1662 556 1722 dem
600 1661 724 1721 manche
744 1655 959 1715 Philosophen
988 1653 1055 1713 ihre
1070 1651 1309 1711 Denkungsart

330 1708 414 1768 nicht
428 1706 582 1766 miskenen
606 1703 741 1763 werden.
751 1698 787 1758 --
811 1697 862 1757 Da
886 1697 951 1757 auch
975 1697 1058 1757 unser
1078 1694 1306 1754 Schriftsteller

333 1751 375 1811 ein
403 1751 516 1811 großer
533 1746 620 1806 Feind
642 1745 695 1805 von
723 1742 977 1802 Machtsprüchen
1000 1742 1048 1802 ist,
1065 1742 1086 1802 so
1108 1740 1211 1800 macht
1228 1739 1249 1799 er
1265 1739 1313 1799 ar¬

333 1799 391 1859 tige
419 1793 661 1853 Anmerkungen
694 1793 855 1853 darüber,
888 1787 942 1847 wie
975 1789 1028 1849 das
1056 1789 1233 1849 Vermögen
1271 1788 1298 1848 zu

330 1844 468 1904 zweifeln
495 1840 521 1900 in
548 1840 728 1900 Krankheit
750 1837 797 1897 des
825 1836 989 1896 Gemüths
1016 1837 1080 1897 und
1101 1835 1313 1895 Unempfind¬

333 1891 452 1951 lichkeit
469 1891 550 1951 gegen
578 1888 621 1948 die
638 1888 806 1948 Wahrheit
823 1885 1014 1945 ausschlagen
1042 1888 1155 1948 könne.
1178 1885 1308 1945 Seines

333 1941 534 2001 Ermessens,
545 1936 637 1996 daher
654 1934 757 1994 würde
773 1935 881 1995 Furcht
897 1933 948 1993 und
964 1936 1135 1996 Erstaunen
1157 1936 1228 1996 über
1250 1933 1311 1993 eine

333 1987 448 2047 wider=
470 1986 543 2046 oder
570 1984 823 2044 übernatürliche
850 1985 1092 2045 Erscheinung,
1129 1987 1186 2047 des
1213 1984 1313 2044 allzu¬

334 2037 560 2097 leichtsinnigen
594 2034 632 2094 La
660 2032 837 2092 Mettrie
860 2034 920 2094 und
943 2034 992 2094 des
1021 2031 1297 2091 allzutiefsinnigen

330 2088 462 2148 Hume
483 2085 636 2145 Verstand
668 2082 779 2142 wieder
795 2082 943 2142 natürlich
970 2082 1112 2142 machen.
1139 2079 1212 2139 Der
1234 2079 1313 2139 Ver¬

332 2136 421 2196 fasser
443 2133 643 2193 dogmatisirt
665 2130 733 2190 aber
755 2129 801 2189 bey
828 2128 923 2188 dieser
944 2130 1050 2190 Stelle
1082 2128 1139 2188 mit
1166 2127 1250 2187 einer
1277 2125 1303 2185 so

335 2181 514 2241 künstlichen
541 2179 695 2239 Wärme,
727 2176 778 2236 daß
809 2175 861 2235 der
882 2175 979 2235 Faden
1011 2178 1108 2238 seiner
1130 2175 1299 2235 Gedanken

335 2224 393 2284 auf
409 2223 482 2283 einen
509 2220 598 2280 Wink
615 2223 767 2283 abbricht,
778 2220 862 2280 gleich
889 2223 962 2283 einer
979 2223 1142 2283 flächsenen
1164 2223 1311 2283 Schnur,

331 2270 416 2330 wenn
451 2267 485 2327 sie
503 2267 559 2327 ans
583 2265 674 2325 Feuer
698 2264 823 2324 räucht.
847 2267 932 2327 Cap.
950 2273 1001 2333 VI,
1013 2273 1024 2333 4
1059 2273 1092 2333 5.
1110 2270 1241 2330 versteht
1259 2270 1310 2330 der

340 2318 422 2378 Herr
446 2312 611 2372 Hofrath,
641 2312 734 2372 (weil
753 2312 846 2372 außer
871 2317 1041 2377 Wetsteins
1065 2318 1294 2378 Anführungen

336 2366 405 2426 auch
444 2363 470 2423 in
503 2362 556 2422 den
590 2356 805 2416 sibyllinischen
839 2362 984 2422 Büchern
1011 2369 1167 2429 gefunden
1200 2366 1308 2426 wird:

341 2411 446 2471 „durch
473 2409 526 2469 das
548 2408 669 2468 Wasser
691 2405 849 2465 erleuchtet
865 2409 1040 2469 werden”)
1061 2414 1146 2474 unter
1168 2417 1310 2477 Erleuch=

333 2459 381 2519 ten
414 2463 462 2523 die
490 2457 651 2517 Taufe,
679 2453 770 2513 unter
798 2451 846 2511 der
874 2458 1079 2518 himmlischen
1117 2464 1214 2524 Gabe
1247 2463 1300 2523 das

338 2515 501 2575 Manna
521 2510 577 2570 des
602 2506 792 2566 heiligen
824 2508 1107 2568 Abendmahls
1133 2515 1189 2575 und
1215 2515 1309 2575 unter

332 2569 424 2629 enuc
455 2566 504 2626 die
529 2561 801 2621 Verheißung
827 2560 875 2620 des
895 2562 1093 2622 Heiligen
1118 2566 1309 2626 Geistes.

331 2624 384 2684 V.
402 2623 437 2683 8.
462 2622 561 2682 bleibt
574 2617 721 2677 xara
775 2617 810 2677 ey
911 2617 1118 2677 zweydeutig,
1142 2623 1195 2683 und
1225 2623 1295 2683 wird

333 2676 429 2736 daher
452 2673 503 2733 von
532 2670 638 2730 irgend
667 2673 746 2733 eines
775 2667 928 2727 gelehrten
951 2668 1092 2728 Mannes
1121 2673 1307 2733 aufmerksa=

332 2730 395 2790 men
430 2725 522 2785 Auge
558 2723 626 2783 noch
662 2724 707 2784 ein
743 2723 898 2783 Beyspiel
928 2718 1026 2778 dieser
1055 2724 1246 2784 Redensart
1269 2724 1292 2784 in

333 2778 465 2838 völligen
499 2772 796 2832 Zusammenhange
825 2768 890 2828 oder
919 2767 1106 2827 Bedeutung
1140 2772 1305 2832 erwartet.

333 2826 419 2886 Beym
462 2820 516 2880 18.
538 2820 592 2880 und
619 2820 678 2880 19.
695 2820 775 2880 Vers
803 2820 884 2880 sucht
906 2815 954 2875 der
977 2814 1133 2874 Verfasser
1155 2820 1219 2880 sehr
1242 2820 1300 2880 em¬

316 2877 357 2937 sig
382 2875 446 2935 nach
477 2871 559 2931 einer
578 2870 707 2930 heiligen
738 2870 874 2930 Sache,
898 2867 945 2927 die
975 2864 1028 2924 aus
1058 2864 1105 2924 dem
1147 2867 1301 2927 Allerhei=

1338 380 1444 440 ligsten
1476 378 1519 438 bis
1544 379 1569 439 in
1595 380 1644 440 den
1676 380 1800 440 Vorhof
1820 380 2127 440 hinausgegangen,
2146 385 2202 445 und
2228 386 2320 446 über¬

1340 428 1406 488 redt
1422 427 1468 487 sich
1500 428 1556 488 und
1583 428 1660 488 seine
1681 430 1790 490 Leser,
1821 433 1872 493 daß
1910 433 2043 493 Paulus
2075 431 2131 491 auf
2158 431 2209 491 den
2246 433 2323 493 Eck¬

1335 477 1424 537 stein
1451 476 1551 536 ziele,
1584 473 1636 533 der
1663 476 1747 536 nicht
1775 479 1832 539 nur
1865 480 1959 540 heilig
1992 479 2155 539 gewesen,
2182 479 2309 539 sondern

1336 524 1408 584 auch
1436 524 1491 584 das
1514 520 1619 580 Recht
1636 522 1719 582 einer
1742 527 1897 587 Freystäte
1920 530 2036 590 gehabt
2059 527 2147 587 haben
2181 528 2247 588 soll.
2276 527 2319 587 Er

1339 580 1418 640 zieht
1730 578 1781 638 auf
1804 580 1939 640 A7ida
1979 583 2036 643 und
2065 580 2228 640 bemerkt,
2257 583 2313 643 daß

1335 628 1381 688 die
1418 625 1573 685 Griechen
1627 625 1678 685 den
1725 627 1855 687 größten
1902 631 2006 691 Anker
2038 631 2095 691 den
2132 631 2313 691 heiligen

1342 673 1472 733 Anker
1493 673 1658 733 genannt,
1689 672 1754 732 auch
1785 673 1810 733 im
1851 677 2062 737 Sprichwort
2088 679 2238 739 darunter
2269 676 2314 736 die

1341 721 1483 781 Zuflucht
1505 721 1531 781 zu
1563 718 1716 778 Tempeln
1743 719 1779 779 rc.
1801 724 1979 784 verstanden
2007 724 2101 784 habe.
2154 724 2243 784 (Der
2260 724 2323 784 Hr.

1341 766 1479 826 Hofrath
1511 766 1567 826 hat
1594 768 1624 828 es
1656 766 1862 826 vermuthlich
1893 772 1975 832 nicht
2002 772 2052 832 der
2085 774 2192 834 Mühe
2219 773 2311 833 werth

1345 813 1502 873 geachtet,
1527 813 1556 873 an
1590 813 1761 873 diejenigen
1796 815 1953 875 Ausleger
1978 816 2007 876 zu
2042 819 2183 879 denken,
2208 819 2316 879 welche

1342 861 1391 921 den
1422 861 1523 921 Anker
1549 861 1574 921 in
1610 861 1695 921 einer
1716 858 1883 918 Klammer
1914 860 1964 920 des
1994 863 2116 923 Balken
2152 867 2328 927 gefunden,

1344 907 1391 967 der
1416 909 1464 969 den
1495 909 1651 969 Vorhang
1676 906 1723 966 des
1748 906 1989 966 Allerheiligsten
2020 912 2200 972 getragen.)
2231 914 2321 974 Cap.

1341 956 1431 1016 VIII,
1447 960 1478 1020 1.
1490 960 1563 1020 wird
1585 958 1861 1018 1οαλαals
1889 957 1930 1017 ein
1958 957 2116 1017 Beywort
2138 964 2318 1024 genommen

1348 1002 1401 1062 und
1429 1004 1515 1064 durch
1554 1007 1623 1067 "das
1651 1007 1818 1067 wichtigste
1841 1004 1867 1064 so
1889 1002 2019 1062 Paulus
2052 1004 2078 1064 zu
2117 1007 2165 1067 dem
2209 1013 2316 1073 bisher

1342 1049 1484 1109 gesagten
1512 1052 1702 1112 hinzufügen
1729 1052 1861 1112 wollen,
1904 1049 2073 1109 übersetzt.
2122 1052 2169 1112 In
2190 1056 2243 1116 den
2265 1060 2328 1120 An¬

1346 1097 1532 1157 merkungen
1563 1100 1653 1160 dieses
1685 1100 1825 1160 Capitels
1852 1096 1937 1156 giebt
1957 1097 2013 1157 uns
2044 1097 2094 1157 der
2109 1100 2266 1160 Verfasser
2291 1104 2331 1164 ei¬

1347 1142 1401 1202 nen
1435 1142 1640 1202 Vorschmack
1668 1145 1762 1205 seiner
1796 1146 1951 1206 künftigen
1996 1145 2206 1205 Abhandlung
2251 1150 2305 1210 vom

1349 1189 1598 1249 Mosaischen
1632 1190 1815 1250 Rechte,
1855 1190 1921 1250 und
1955 1190 2021 1250 hält
2049 1190 2099 1250 sich
2133 1193 2216 1253 nicht
2244 1196 2321 1256 ohne

1351 1234 1466 1294 Grund
1482 1234 1557 1294 über
1583 1237 1748 1297 diejenigen
1779 1237 1849 1297 auf,
1860 1235 1965 1295 welche
1986 1237 2036 1297 bey
2062 1237 2111 1297 den
2137 1243 2313 1303 mosaischen

1351 1285 1595 1345 Einrichtungen
1622 1285 1679 1345 und
1707 1288 1919 1348 bürgerlichen
1951 1282 2089 1342 Gesetzen
2116 1286 2158 1346 sich
2185 1288 2253 1348 eine
2275 1291 2328 1351 sol¬

1343 1333 1391 1393 che
1419 1336 1718 1396 Vollkommenheit
1746 1336 1941 1396 vorstellen,
1980 1334 2039 1394 daß
2072 1336 2110 1396 sie
2132 1339 2246 1399 selbige
2274 1339 2322 1399 als

1347 1387 1479 1447 Muster
1500 1387 1547 1447 der
1569 1387 1806 1447 Nachahmung
1833 1386 1874 1446 wo
1901 1386 1980 1446 nicht
2001 1387 2227 1447 Obrigkeiten,
2249 1387 2317 1447 doch

1345 1434 1536 1494 wenigstens
1568 1434 1656 1494 ihren
1682 1434 1848 1494 Zuhörern
1880 1436 2076 1496 empfehlen.
2124 1434 2196 1494 Vom
2238 1436 2310 1496 Urim

1347 1480 1405 1540 und
1442 1482 1617 1542 Thummim
1666 1482 1777 1542 äußert
1804 1482 1893 1542 unser
1926 1483 2063 1543 gelehrte
2090 1482 2323 1542 Schriftsteller

1350 1527 1389 1587 die
1414 1530 1664 1590 Vermuthung,
1689 1530 1742 1590 daß
1772 1530 1801 1590 es
1822 1530 1885 1590 zwo
1910 1530 2007 1590 uralte
2028 1531 2150 1591 Steine
2170 1533 2326 1593 gewesen,

1347 1573 1406 1633 mit
1427 1575 1517 1635 denen
1553 1578 1623 1638 man
1649 1578 1805 1638 vielleicht
1821 1578 1971 1638 gelooset.
2022 1578 2108 1638 Cap.
2128 1581 2183 1641 IX,
2204 1581 2239 1641 1.
2254 1581 2329 1641 geht

1346 1619 1360 1679 7
1389 1622 1514 1682 nern
1538 1624 1590 1684 auf
1615 1623 1763 1683 Bund,
1774 1625 1831 1685 und
1856 1625 1932 1685 wird
1956 1626 2038 1686 nicht
2058 1628 2114 1688 mit
2134 1630 2259 1690 Hütte
2283 1632 2331 1692 ge¬

1347 1664 1444 1724 lesen.
1471 1664 1541 1724 Von
1568 1667 1616 1727 den
1647 1667 1714 1727 drey
1741 1667 1899 1727 folgenden
1931 1670 2045 1730 Versen
2072 1670 2164 1730 theilt
2183 1672 2231 1732 der
2249 1675 2328 1735 Ver¬

1350 1710 1438 1770 fasser
1463 1709 1512 1769 die
1537 1712 1688 1772 seltensten
1723 1713 1954 1773 Eingebungen
1989 1717 2071 1777 mit,
2101 1717 2160 1777 und
2195 1720 2268 1780 weil
2293 1724 2322 1784 er

1353 1757 1432 1817 keine
1454 1763 1665 1823 Gelegenheit
1686 1760 1845 1820 versäumt
1866 1763 1918 1823 auf
1940 1761 1982 1821 die
1998 1763 2257 1823 Bescheidenheit
2279 1771 2331 1831 sei¬

1347 1806 1400 1866 ner
1422 1814 1683 1874 Gelehrsamkeit
1699 1811 1742 1871 sich
1775 1814 1872 1874 etwas
1900 1814 1926 1874 zu
1954 1814 2008 1874 gut
2030 1815 2057 1875 zu
2085 1815 2182 1875 thun:
2210 1818 2236 1878 so
2264 1819 2328 1879 hal¬

1346 1853 1392 1913 ten
1428 1857 1485 1917 wir
1506 1861 1536 1921 es
1568 1861 1634 1921 auch
1671 1864 1717 1924 für
1748 1861 1830 1921 keine
1857 1863 1980 1923 Sünde
2012 1864 2037 1924 zu
2069 1861 2238 1921 zweifeln,
2265 1867 2315 1927 daß

1346 1902 1425 1962 diese
1446 1910 1557 1970 Lesart
1574 1911 1669 1971 seiner
1691 1912 1801 1972 Lampe
1828 1912 1944 1972 jemals
1971 1912 2082 1972 nöthig
2109 1912 2204 1972 haben
2247 1914 2320 1974 wird

1341 1950 1396 2010 ans
1422 1957 1502 2017 Licht
1523 1957 1553 2017 zu
1579 1960 1741 2020 kommen.
1767 1957 1843 2017 Wir
1864 1960 1955 2020 geben
1981 1960 2133 2020 übrigens
2159 1957 2204 2017 dem
2240 1960 2326 2020 Hrn.

1344 2005 1474 2065 Hofrath
1502 2008 1627 2068 Recht,
1650 2007 1704 2067 daß
1731 2007 1758 2067 es
1786 2008 1867 2068 nicht
1884 2005 1911 2065 so
1933 2008 2025 2068 leicht
2042 2008 2091 2068 als
2114 2008 2200 2068 ihm,
2223 2008 2303 2068 jedem

1344 2055 1368 2115 so
1394 2054 1566 2114 genannten
1597 2052 1738 2112 Criticus
1764 2054 1824 2114 und
1855 2055 1997 2115 entgegen
2028 2055 2164 2115 gesetzten
2190 2058 2326 2118 Gottes¬

1342 2100 1502 2160 gelehrten
1544 2100 1631 2160 fallen
1673 2099 1802 2159 dörfte,
1850 2100 1937 2160 durch
1979 2103 2243 2163 Vertheidigung
2280 2104 2331 2164 be¬

1347 2148 1475 2208 kannter
1507 2147 1573 2207 oder
1605 2145 1801 2205 Erdichtung
1833 2145 1925 2205 neuer
1952 2148 2096 2208 Lesarten
2128 2154 2220 2214 Ruhm
2262 2154 2318 2214 und

1350 2202 1499 2262 Vortheil
1524 2202 1548 2262 zu
1579 2199 1740 2259 erlangen.
1765 2199 1813 2259 Im
1850 2199 1909 2259 10.
1922 2199 1963 2259 V.
1976 2201 2048 2261 wird
2079 2202 2132 2262 771
2169 2203 2192 2263 im
2229 2205 2319 2265 Neu¬

1343 2246 1387 2306 tro
1413 2249 1630 2309 genommen;
1681 2246 1848 2306 nämlich,
1879 2246 1934 2306 daß
1960 2249 2126 2309 Niemand
2152 2249 2202 2309 ins
2228 2252 2328 2312 Aller=

1356 2295 1511 2355 "heiligste
1529 2294 1616 2354 gehen
1646 2291 1778 2351 dürfte."
1814 2291 1865 2351 V.
1871 2293 1928 2353 11.
1935 2294 2004 2354 (und
2028 2294 2201 2354 Cap.XIII,
2208 2297 2322 2357 9.11.)

1346 2345 1465 2405 werden
1493 2342 1612 2402 Speise
1640 2339 1694 2399 und
1722 2340 1830 2400 Trank
1847 2345 1961 2405 füglich
1983 2342 2042 2402 auf
2059 2341 2325 2401 Opfermahl¬

1343 2393 1476 2453 zeiten
1510 2387 1754 2447 eingeschränkt.
1777 2390 1826 2450 Im
1866 2390 1915 2450 12.
1927 2390 1977 2450 V.
1988 2390 2060 2450 weiß
2094 2390 2143 2450 der
2161 2392 2316 2452 Verfasser

1348 2440 1453 2500 nicht,
1475 2438 1541 2498 was
1569 2432 1702 2492 Paulum
1747 2437 1890 2497 bewogen
1919 2436 1973 2496 hat
2002 2437 2045 2497 die
2068 2435 2178 2495 Worte
2201 2440 2217 2500 "
2240 2443 2322 2503 nicht

1362 2482 1429 2542 von
1464 2484 1554 2544 dieser
1577 2482 1731 2542 Bauart"
1777 2485 2015 2545 einzuschalten.
2067 2485 2140 2545 Der
2157 2489 2225 2549 Hr.
2242 2491 2327 2551 Hof=

1343 2534 1413 2594 rath
1438 2534 1491 2594 hat
1509 2530 1544 2590 sie
1562 2527 1657 2587 daher
1681 2530 1739 2590 mit
1752 2533 1834 2593 Fleiß
1865 2532 1887 2592 in
1913 2534 2006 2594 seiner
2025 2536 2232 2596 Paraphrase
2250 2539 2320 2599 aus¬

1347 2581 1496 2641 gelaßen,
1519 2576 1579 2636 und
1607 2576 1684 2636 weil
1702 2578 1729 2638 er
1757 2581 1779 2641 im
1818 2581 2029 2641 Griechischen
2068 2584 2151 2644 keine
2174 2587 2323 2647 Dunkel¬

1347 2629 1407 2689 heit
1424 2626 1524 2686 finden
1553 2623 1653 2683 kann,
1676 2624 1703 2684 so
1726 2632 1910 2692 vermuthet
1933 2632 1954 2692 er
1977 2632 2072 2692 solche
2100 2634 2122 2694 in
2150 2634 2245 2694 seiner
2273 2635 2322 2695 he¬

1343 2676 1497 2736 bräischen
1526 2670 1692 2730 Urkunde.
1743 2677 1798 2737 V.
1826 2679 1886 2739 14.
1909 2679 2043 2739 versteht
2077 2680 2109 2740 er
2138 2682 2220 2742 durch
2260 2679 2309 2739 den

1340 2724 1451 2784 ewigen
1479 2717 1574 2777 Geist
1596 2718 1644 2778 den
1671 2723 1820 2783 "uralten
1852 2727 1942 2787 Sinn
1975 2727 2022 2787 der
2045 2727 2215 2787 levitischen
2242 2724 2321 2784 Vor=

1357 2769 1497 2829 bilder."
1553 2763 1628 2823 Die
1645 2773 1927 2833 Schwierigkeiten
1955 2774 2003 2834 der
2025 2775 2188 2835 folgenden
2210 2772 2318 2832 Stelle

1339 2819 1430 2879 geben
1458 2816 1506 2876 dem
1545 2812 1706 2872 Verfasser
1729 2822 1831 2882 Anlaß
1859 2820 1999 2880 manches
2027 2822 2184 2882 Gelehrte
2211 2820 2238 2880 zu
2271 2815 2319 2875 sa¬

1331 2867 1419 2927 gen,
1442 2864 1496 2924 daß
1525 2861 1569 2921 dem
1614 2866 1780 2926 Gelächter
1803 2870 1981 2930 einfaltiger
2004 2870 2087 2930 Leser
2110 2870 2181 2930 kaum
2221 2864 2320 2924 entge¬

2241 2915 2303 2975 hen
