2479 3508
618 1222 737 1282 21tes
784 1226 940 1286 Stück.
1005 1227 1218 1287 Freytag,
1246 1225 1310 1285 den
1357 1228 1439 1288 13.
1468 1225 1586 1285 April
1615 1225 1771 1285 1764.

618 1291 783 1351 Halle.

217 1343 346 1403 nter
370 1342 420 1402 der
443 1339 613 1399 Aufschrift
636 1341 726 1401 dieses
749 1339 856 1399 Orts,
885 1339 941 1399 und
970 1339 998 1399 in
1027 1339 1072 1399 dem
1112 1336 1196 1396 Ver¬

215 1381 371 1441 elage
397 1387 441 1447 des
472 1384 729 1444 Waysenhauses
760 1381 891 1441 daselbst
917 1381 952 1441 ist
978 1381 1073 1441 Anno
1099 1378 1184 1438 1762

210 1428 236 1488 in
269 1431 316 1491 4to
338 1431 481 1491 gedruckt
497 1427 651 1487 worden:
679 1419 747 1479 "F.
764 1424 816 1484 G.
838 1425 1013 1485 Pipers,
1035 1422 1109 1482 Sr.
1131 1422 1194 1482 Kö=

214 1476 329 1536 "nigl.
352 1476 515 1536 Majestät
537 1476 563 1536 in
600 1472 748 1532 Preußen
787 1471 950 1531 Krieges-
967 1472 1024 1532 und
1051 1470 1194 1530 Domai¬

215 1524 426 1584 "nen=Raths
453 1524 505 1584 bey
532 1524 578 1584 der
605 1521 1190 1581 Mindisch=Ravensberg=Tecklen=
1223 1521 1328 1581 weder
1355 1520 1396 1580 die
1418 1521 1491 1581 alten
1523 1520 1591 1580 noch
1623 1521 1718 1581 neuen
1750 1518 1981 1578 Schriftsteller
2008 1521 2203 1581 zureichend.

200 1567 322 1627 burg=
333 1575 396 1635 und
418 1575 588 1635 Lingischen
621 1572 758 1632 Kriegs=
775 1572 832 1632 und
860 1572 1183 1632 Domainen=Kam=
1217 1569 1322 1629 Wenn
1360 1570 1412 1630 von
1445 1572 1524 1632 Carl
1552 1571 1604 1631 dem
1642 1569 1769 1629 Großen
1801 1570 1859 1630 und
1892 1569 1945 1629 den
1977 1572 2194 1632 Capitularien

210 1619 321 1679 "mer,
338 1625 407 1685 auch
434 1625 614 1685 Directoris
641 1622 688 1682 des
716 1622 864 1682 Collegii
881 1622 997 1682 medici
1013 1622 1199 1682 prouincia¬

219 1663 284 1723 „lis
302 1673 665 1733 Historisch=Juridische
693 1673 925 1733 Beschreibung
953 1673 1002 1733 des
1030 1673 1200 1733 Marcken=
1229 1670 1460 1730 mehrentheils
1488 1670 1537 1730 auf
1560 1670 1736 1730 Lehmanns
1753 1667 1946 1727 Speyersche
1968 1667 2116 1727 Chronick
2139 1667 2199 1727 und

216 1717 357 1777 "Rechts
392 1724 419 1784 in
454 1721 697 1781 Westphalen."
755 1716 833 1776 Das
868 1718 963 1778 Werk
992 1722 1116 1782 beträgt
1145 1721 1184 1781 ein

220 1771 395 1831 Alphabeth
431 1771 490 1831 und
521 1769 561 1829 10
597 1766 737 1826 Bogen,
778 1766 837 1826 und
873 1766 988 1826 besteht
1019 1766 1074 1826 aus
1109 1769 1189 1829 einer

216 1819 557 1879 Zueignungsschrift,
585 1814 666 1874 einem
711 1808 943 1868 Vorberichte,
971 1811 1020 1871 der
1047 1814 1199 1874 Abhand¬

210 1864 285 1924 lung
313 1864 404 1924 selber
427 1863 480 1923 und
502 1859 616 1919 einigen
638 1855 800 1915 Anlagen.
822 1855 870 1915 In
898 1855 952 1915 der
968 1858 1195 1918 Zueignungs=
1229 1858 1417 1918 lungskraft
1439 1859 1591 1919 gewesen.
1640 1863 1710 1923 Und
1743 1861 1829 1921 hätte
1856 1861 1910 1921 der
1938 1863 2019 1923 Herr
2046 1861 2202 1921 Verfasser

218 1912 321 1972 schrift
342 1911 373 1971 an
410 1909 456 1969 den
492 1903 591 1963 Herrn
622 1901 673 1961 von
706 1900 839 1960 Jariges
877 1900 933 1960 und
970 1900 1021 1960 von
1053 1905 1176 1965 Massow

220 1958 293 2018 Exc.
310 1957 389 2017 Exc.
412 1951 559 2011 berichtet
583 1948 627 2008 der
651 1946 736 2006 Herr
759 1945 940 2005 Verfasser,
969 1947 1025 2007 daß
1055 1948 1099 2008 die
1117 1951 1201 2011 Bit¬

210 2002 324 2062 terkeit
340 1998 392 2058 des
414 1997 606 2057 öffentlichen
633 1994 743 2054 Amtes
769 1993 826 2053 und
858 1993 905 2053 die
921 1993 1124 2053 Zerstreuung
1151 1996 1192 2056 der

209 2044 372 2104 Sinnen,
398 2043 506 2103 welche
531 2042 615 2102 durch
645 2043 699 2103 das
729 2041 828 2101 Elend
853 2043 902 2103 des
928 2040 1061 2100 Krieges
1086 2041 1194 2101 verur¬

224 2091 320 2151 sachet
337 2088 483 2148 worden,
500 2091 548 2151 ihn
576 2091 629 2151 zum
668 2094 782 2154 kleinen
804 2091 1036 2151 Schriftsteller
1058 2088 1199 2148 gemacht

219 2139 310 2199 habe.
359 2136 434 2196 Wir
456 2142 661 2202 verwundern
689 2142 742 2202 uns
770 2141 850 2201 sehr,
867 2139 915 2199 daß
942 2139 990 2199 der
1013 2139 1093 2199 Herr
1115 2136 1190 2196 Ver=
1229 2139 1282 2199 das
1310 2134 1460 2194 nöthigste
1482 2133 1536 2193 und
1563 2134 1736 2194 nützlichste
1752 2136 1811 2196 aus
1839 2133 1892 2193 den
1920 2138 2070 2198 deutschen
2098 2137 2200 2197 Alter¬

218 2190 326 2250 fasser,
342 2190 465 2250 welcher
487 2193 600 2253 bereits
626 2192 677 2252 vom
719 2190 1023 2250 Bedemuthsrechte
1045 2186 1101 2246 und
1127 2186 1173 2246 dem

222 2239 308 2299 Alter
337 2237 388 2297 der
418 2238 803 2298 Cameralwissenschaften
844 2236 1063 2296 geschrieben,
1092 2232 1190 2292 dieser
1231 2234 1277 2294 die
1301 2229 1554 2289 Beschaffenheit
1572 2234 1617 2294 der
1641 2234 1801 2294 folgenden
1831 2235 2009 2295 Abschnitte
2033 2239 2113 2299 nicht
2131 2237 2199 2297 füg¬

211 2288 309 2348 neuen
339 2288 468 2348 Geburt
492 2288 555 2348 eine
579 2288 649 2348 üble
667 2286 889 2346 Empfehlung
918 2285 970 2345 bey
994 2279 1082 2339 ihrem
1123 2281 1198 2341 Auf¬

218 2336 301 2396 tritte
332 2336 358 2396 in
390 2336 436 2396 die
458 2337 551 2397 Welt
578 2333 801 2393 mitgegeben,
822 2335 885 2395 und
917 2330 1036 2390 werden
1073 2327 1192 2387 künftig

221 2384 287 2444 eine
315 2384 442 2444 Ursache
470 2384 558 2444 mehr
587 2384 713 2444 haben,
747 2384 797 2444 den
836 2384 930 2444 Krieg
958 2381 985 2441 zu
1019 2375 1190 2435 verbitten.
1224 2375 1312 2435 ment
1329 2375 1484 2435 gemacht,
1507 2379 1528 2439 so
1557 2381 1595 2441 sey
1623 2384 1651 2444 es
1674 2384 1734 2444 uns
1757 2387 1878 2447 erlaubt
1900 2387 2111 2447 vornehmlich
2133 2384 2205 2444 den¬

222 2432 366 2492 Obgleich
396 2432 442 2492 der
466 2432 547 2492 Herr
571 2432 727 2492 Verfasser
751 2429 779 2489 in
809 2431 855 2491 der
880 2427 1198 2487 Zueignungsschrift

221 2476 271 2536 den
299 2479 576 2539 schmeichelhaften
599 2479 765 2539 Gedanken
794 2479 921 2539 äußert,
939 2479 966 2539 er
989 2475 1088 2535 könne
1105 2470 1194 2530 wohl

228 2524 257 2584 in
281 2524 375 2584 dieser
399 2525 541 2585 schweren
565 2527 671 2587 Sache
696 2524 742 2584 das
767 2524 826 2584 Eis
850 2527 1015 2587 gebrochen
1040 2521 1151 2581 haben,
1169 2518 1192 2578 so

221 2572 381 2632 versichern
409 2572 469 2632 wir
492 2574 580 2634 doch,
602 2574 674 2634 daß,
703 2572 763 2632 wer
791 2572 840 2632 den
869 2575 967 2635 Herrn
990 2571 1189 2631 Wiederholt
1223 2567 1472 2627 patrimonialis
1511 2576 1571 2636 aus
1616 2578 1665 2638 dem
1721 2575 2103 2635 Leibeigenthumsrechte
2142 2574 2197 2634 der

220 2623 257 2683 de
279 2620 405 2680 judiciis
427 2620 459 2680 et
475 2617 735 2677 ordinationibus
757 2617 836 2677 quae
858 2623 990 2683 veniunt
1012 2619 1059 2679 sub
1086 2614 1197 2674 nomi-

220 2669 316 2729 nibus
343 2667 390 2727 der
417 2664 715 2724 Märckerdingen,
742 2667 848 2727 Herrn
880 2671 1045 2731 Reinhart
1072 2665 1103 2725 de
1125 2661 1194 2721 lure

219 2716 363 2776 forestali
385 2713 645 2773 Germanorum,
668 2715 767 2775 Herrn
796 2718 900 2778 Wahl
929 2718 961 2778 de
990 2718 1050 2778 jure
1084 2713 1116 2773 et
1139 2709 1188 2769 in-
1222 2712 1272 2772 ret
1289 2715 1393 2775 Herrn
1422 2721 1571 2781 Tornov,
1594 2724 1693 2784 Herrn
1721 2721 1909 2781 Heineccium
1954 2721 2009 2781 und
2032 2716 2075 2776 sich
2104 2713 2192 2773 selber

223 2768 306 2828 dicio
327 2760 493 2820 Marcarum
535 2760 560 2820 in
582 2761 794 2821 Wetterania,
815 2765 867 2825 den
898 2768 996 2828 Herrn
1028 2760 1178 2820 Schatten

223 2817 312 2877 mann
343 2816 379 2876 de
398 2812 730 2872 Oberheimgeraida,
749 2814 802 2874 des
827 2818 929 2878 Herrn
960 2819 1013 2879 von
1038 2813 1207 2873 Cramers.
1226 2814 1358 2874 Allein,
1383 2820 1467 2880 wenn
1504 2823 1533 2883 es
1564 2823 1654 2883 wahr
1679 2820 1733 2880 ist,
1758 2820 1812 2880 daß
1849 2818 1896 2878 die
1921 2817 1999 2877 alten
2024 2808 2192 2868 Deutschen

1228 1294 1449 1354 Erläuterung
1484 1294 1533 1354 der
1564 1294 1715 1354 deutschen
1741 1291 1947 1351 Rechtslehre
1978 1291 2031 1351 vom
2076 1288 2209 1348 Condo¬

1228 1336 1348 1396 minio,
1368 1336 1531 1396 worinnen
1560 1336 1835 1396 Märckerschaften
1864 1335 2022 1395 bestehen,
2032 1334 2088 1394 und
2112 1335 2200 1395 dessen

1228 1378 1424 1438 Wirkungen
1449 1377 1488 1437 P.
1503 1375 1561 1435 III.
1577 1378 1625 1438 der
1645 1381 1875 1441 Wetzlarischen
1896 1381 2135 1441 Nebenstunden
2161 1380 2209 1440 ge¬

1224 1422 1326 1482 lesen,
1353 1424 1399 1484 die
1430 1422 1528 1482 ganze
1550 1425 1761 1485 Abhandlung
1792 1425 1843 1485 des
1870 1425 1988 1485 Herren
2020 1425 2200 1485 Verfassers

1221 1470 1314 1530 völlig
1340 1470 1507 1530 entbehren
1544 1470 1658 1530 könne.
1705 1473 1778 1533 Der
1799 1470 1882 1530 Herr
1904 1470 2070 1530 Verfasser
2091 1474 2205 1534 kennet

1223 1619 1273 1679 der
1297 1621 1495 1681 Fränkischen
1524 1619 1649 1679 Könige
1672 1619 1718 1679 die
1741 1616 1826 1676 Rede
1849 1617 1906 1677 ist,
1923 1616 1946 1676 so
1969 1619 2076 1679 beruft
2094 1619 2122 1679 er
2145 1619 2196 1679 sich

1226 1719 1380 1779 Goldasti
1402 1721 1683 1781 Sammlungen,
1710 1720 1747 1780 da
1785 1718 1853 1778 doch
1892 1718 1944 1778 der
1977 1719 2051 1779 erste
2083 1718 2109 1778 so
2142 1718 2205 1778 viel

1226 1769 1484 1829 Jahrhunderte
1510 1769 1577 1829 nach
1614 1769 1690 1829 Carl
1718 1769 1769 1829 dem
1811 1766 1939 1826 Großen
1976 1766 2115 1826 gelebet,
2141 1769 2198 1829 und

1226 1814 1276 1874 der
1306 1814 1422 1874 andere
1453 1814 1498 1874 ein
1529 1817 1705 1877 Sammler
1736 1814 1816 1874 ohne
1847 1814 1998 1874 gehörige
2029 1815 2190 1875 Beurthei

1225 1905 1272 1965 die
1297 1903 1407 1963 neuern
1436 1903 1522 1963 mehr
1547 1909 1757 1969 gebrauchet,
1787 1906 1815 1966 so
1844 1906 1954 1966 würde
1984 1909 2012 1969 er
2041 1909 2123 1969 nicht
2147 1909 2209 1969 mit

1229 1950 1434 2010 Thomasio,
1471 1951 1641 2011 Heineccio
1677 1954 1737 2014 und
1773 1953 1948 2013 Meinders
1990 1956 2080 2016 solche
2110 1957 2200 2017 grobe

1234 1996 1423 2056 Irrthümer
1450 1993 1608 2053 begangen
1640 1999 1762 2059 haben.
1815 1996 1909 2056 Weil
1931 2001 1983 2061 der
2010 2002 2099 2062 Herr
2121 2000 2205 2060 Ver¬

1226 2046 1313 2106 fasser
1340 2040 1391 2100 von
1428 2039 1520 2099 seinem
1573 2038 1661 2098 ersten
1692 2040 1894 2100 Abschnitte,
1916 2043 2013 2103 seiner
2045 2043 2210 2103 anfängli¬

1221 2091 1283 2151 chen
1309 2085 1574 2145 Entschuldigung
1595 2087 1787 2147 ungeachtet,
1804 2087 1974 2147 versichert,
1985 2088 2037 2148 daß
2063 2088 2089 2148 er
2110 2091 2192 2151 darin

1219 2185 1369 2245 thumern
1396 2181 1628 2241 vorgetragen,
1655 2187 1732 2247 ohne
1759 2187 1883 2247 welchem
1926 2184 1972 2244 der
1998 2185 2112 2245 Grund
2138 2187 2195 2247 und

1225 2280 1278 2340 lich
1301 2276 1479 2336 verstanden
1507 2280 1626 2340 werden
1654 2287 1768 2347 könne,
1785 2285 1811 2345 ja
1834 2288 1887 2348 daß
1915 2288 1963 2348 ihm
2002 2288 2077 2348 seine
2100 2288 2202 2348 geehr=

1224 2327 1269 2387 ten
1296 2324 1440 2384 Freunde
1461 2327 1542 2387 schon
1569 2333 1620 2393 zum
1662 2335 1790 2395 Voraus
1822 2336 1961 2396 darüber
1992 2338 2033 2398 ein
2060 2335 2203 2395 Compli¬

1222 2423 1320 2483 selben
1349 2423 1377 2483 zu
1401 2429 1614 2489 beurtheilen.
1661 2433 1736 2493 Der
1754 2435 1835 2495 Herr
1858 2435 2014 2495 Verfasser
2032 2432 2199 2492 behauptet

1218 2470 1432 2530 verschiedene
1458 2477 1590 2537 Sätze,
1623 2480 1679 2540 von
1711 2482 1799 2542 deren
1825 2482 2020 2542 Richtigkeit
2040 2479 2096 2539 wir
2129 2479 2191 2539 uns

1224 2518 1309 2578 nicht
1328 2524 1518 2584 uͤberzeugen
1549 2530 1683 2590 koͤnnen,
1702 2533 1769 2593 als:
1807 2530 1849 2590 1)
1868 2530 1916 2590 daß
1948 2528 1990 2588 die
2009 2524 2186 2584 lurisdictio

1218 2615 1299 2675 alten
1325 2620 1502 2680 Deutschen
1528 2628 1622 2688 fließe
1641 2629 1691 2689 (§.
1698 2629 1755 2689 4.)
1806 2626 1856 2686 Er
1876 2626 2014 2686 gründet
2034 2623 2077 2683 die
2103 2621 2197 2681 ganze

1223 2664 1318 2724 Lehre
1342 2664 1395 2724 vom
1437 2676 1691 2736 Marckenrechte
1716 2671 1769 2731 auf
1787 2670 1881 2730 diesen
1912 2671 2012 2731 Satz,
2036 2670 2095 2730 und
2125 2667 2202 2727 füh=

1228 2765 1257 2825 zu
1293 2769 1624 2829 Gewahrsmannern
1672 2769 1725 2829 der
1749 2768 1926 2828 Wahrheit
1962 2763 2103 2823 desselben
2146 2760 2198 2820 an.

2124 2855 2194 2915 von
