2479 3508
579 1234 687 1294 22tes
735 1235 899 1295 Stück.
954 1239 1173 1299 Montag,
1213 1234 1275 1294 den
1323 1234 1409 1294 16.
1449 1234 1565 1294 April
1605 1232 1753 1292 1764.

381 1303 625 1363 Frankfurt
646 1303 707 1363 und
741 1306 924 1366 Leipzig.

174 1377 288 1437 Rey
321 1372 365 1432 J.
385 1370 435 1430 G.
455 1369 569 1429 Garbe
596 1366 633 1426 ist
660 1366 991 1426 herausgekommen:
1037 1358 1139 1418 "Jo¬

276 1412 401 1472 "hann
442 1412 582 1472 David
613 1410 838 1470 Michaelis
869 1409 1050 1469 Erklärung
1080 1407 1130 1467 des

159 1458 318 1518 "Briefes
356 1461 393 1521 an
431 1458 473 1518 die
501 1458 666 1518 Hebräer.
710 1455 859 1515 Zweyter
886 1455 1003 1515 Theil.
1031 1455 1137 1515 1764.

166 1504 251 1564 "S.
268 1511 349 1571 411.
371 1509 392 1569 in
425 1508 473 1568 4to
500 1505 575 1565 (mit
592 1505 640 1565 dem
684 1504 770 1564 ersten
797 1503 894 1563 Theil
911 1503 1142 1563 zusammenge=

166 1562 370 1622 Prechnet.)”
404 1551 659 1611 Gegenwärtige
676 1554 758 1614 letzte
776 1554 886 1614 Hälfte
908 1554 996 1614 dieser
1025 1554 1124 1614 gelehr

166 1613 259 1673 testen
282 1611 337 1671 und
359 1605 492 1665 neuesten
509 1605 680 1665 Erklärung
703 1605 791 1665 fängt
808 1605 846 1665 sich
869 1605 924 1665 mit
941 1603 1024 1663 Cap.
1035 1605 1079 1665 VI.
1085 1605 1140 1665 14.

168 1664 232 1724 an.
254 1661 330 1721 Wir
352 1658 459 1718 wollen
487 1655 551 1715 eine
574 1655 660 1715 kurze
682 1655 816 1715 Anzeige
839 1655 952 1715 einiger
974 1652 1147 1712 merkwür¬

171 1712 259 1772 digen
287 1709 409 1769 Stellen
443 1706 548 1766 thun,
571 1706 598 1766 so
631 1705 687 1765 wie
715 1706 826 1766 selbige
849 1704 953 1764 unserm
993 1703 1059 1763 Aug
1081 1703 1142 1763 und

170 1760 371 1820 Gedächtniß
398 1756 451 1816 bey
478 1754 557 1814 einer
579 1751 796 1811 wiederholten
823 1751 1057 1811 Ueberlaufung
1084 1751 1152 1811 auf¬

172 1805 272 1865 stoßen
297 1805 438 1865 werden.
484 1799 533 1859 V.
554 1796 589 1856 16
614 1796 730 1856 erklärt
745 1794 795 1854 der
816 1793 901 1853 Herr
921 1793 1057 1853 Hofrath
1087 1796 1132 1856 den

171 1852 311 1912 Thron
338 1850 386 1910 der
409 1841 571 1901 Gnaden
599 1840 658 1900 aus
680 1837 728 1897 der
750 1837 858 1897 Juden
892 1837 1048 1897 bildlichen
1081 1840 1140 1900 Ar¬

172 1903 203 1963 zu
224 1900 327 1960 reden,
338 1895 446 1955 welche
457 1888 539 1948 Gott
550 1885 633 1945 einen
659 1882 814 1942 doppelten
836 1882 938 1942 Thron
965 1882 1130 1942 zugeschrie

167 1948 250 2008 ben;
269 1944 316 2004 den
346 1938 476 1998 Thron
508 1931 555 1991 des
579 1930 787 1990 Gerichts,
805 1927 889 1987 wenn
913 1927 942 1987 er
961 1927 1068 1987 straft,
1080 1930 1133 1990 und

166 1991 218 2051 der
240 1988 400 2048 Gnade,
412 1981 496 2041 wenn
524 1977 550 2037 er
572 1975 726 2035 vergiebt.
754 1972 834 2032 Cap.
850 1972 887 2032 V,
898 1972 1010 2032 4.5.6.
1022 1975 1138 2035 werden

171 2037 235 2097 also
263 2028 501 2088 paraphrasirt:
539 2021 549 2081 "
572 2019 642 2079 Die
664 2018 783 2078 Gesetze
811 2020 918 2080 Mosis
952 2017 1049 2077 waren
1088 2020 1141 2080 auf

168 2070 246 2130 "das
274 2073 492 2133 Priesterthum
532 2070 598 2130 sehr
627 2070 856 2130 eyfersüchtig,
885 2067 940 2127 und
979 2066 1135 2126 erlaubten

167 2124 379 2184 „niemanden
406 2120 453 2180 sich
480 2120 570 2180 dieser
592 2118 713 2178 Würde
735 2121 814 2181 ohne
841 2115 920 2175 einen
947 2114 1143 2174 ausdrückli¬

173 2169 264 2229 schen
297 2172 410 2232 Beruf
432 2169 551 2229 Gottes
578 2171 794 2231 anzumaßen.
865 2163 972 2223 Durch
1000 2161 1064 2221 eine
1086 2159 1129 2219 sol

171 2217 246 2277 „che
263 2223 403 2283 göttliche
420 2220 625 2280 Benennung
647 2217 728 2277 ward
750 2215 875 2275 Aharon
897 2208 1059 2268 Priester;
1075 2204 1134 2264 und

173 2267 267 2327 "eben
295 2270 322 2330 so
345 2270 400 2330 hat
417 2269 461 2329 sich
489 2266 555 2326 auch
583 2264 728 2324 Christus
756 2263 827 2323 diese
850 2260 933 2320 Ehre
956 2255 1033 2315 nicht
1056 2252 1138 2312 selbst

171 2321 409 2381 „genommen,
435 2313 558 2373 sondern
589 2312 653 2372 eben
683 2309 732 2369 der
752 2310 861 2370 Gott,
887 2306 936 2366 der
957 2303 1006 2363 ihn
1036 2303 1060 2363 in
1086 2300 1134 2360 den

166 2361 319 2421 "Worten
358 2366 412 2426 des
446 2360 577 2420 zweyten
616 2360 786 2420 Psalms:
826 2360 891 2420 Du
930 2351 1006 2411 bist
1029 2349 1132 2409 mein

171 2410 315 2470 "Sohn
356 2412 366 2472 —
422 2412 472 2472 zum
517 2407 639 2467 Könige
662 2405 717 2465 und
746 2406 879 2466 Meßias
908 2398 1075 2458 eingesetzt,
1092 2394 1142 2454 hat

172 2454 264 2514 auch
294 2459 317 2519 zu
347 2458 393 2518 ihm
434 2455 562 2515 gesagt:
586 2452 644 2512 Du
673 2452 749 2512 bist
767 2452 824 2512 ein
854 2449 1041 2509 Priester
1064 2434 1133 2494 —”

173 2551 300 2611 Schluß
323 2548 378 2608 von
406 2550 456 2610 der
478 2545 661 2605 Schönheit
684 2545 744 2605 und
767 2548 961 2608 Richtigkeit
983 2542 1027 2602 des
1056 2539 1138 2599 Aus¬

171 2599 278 2659 drucks
302 2596 357 2656 auf
375 2595 420 2655 die
443 2593 584 2653 göttliche
601 2590 787 2650 Eingebung
816 2596 844 2656 zu
867 2596 918 2656 den
941 2588 1138 2648 Schmeiche=
1167 2587 1308 2647 woselbst
1326 2589 1376 2649 nur
1394 2593 1438 2653 die
1456 2596 1608 2656 bildlichen
1631 2595 1806 2655 Geschichte
1824 2592 1874 2652 und
1897 2590 2015 2650 Gesetze
2033 2593 2134 2653 Mosis

172 2646 283 2706 leyen,
310 2642 357 2702 die
379 2641 442 2701 man
475 2639 522 2699 der
544 2638 739 2698 Schreibart
756 2642 882 2702 heiliger
910 2640 1052 2700 Männer
1079 2632 1137 2692 aus

177 2695 266 2755 guter
288 2689 451 2749 Meynung
478 2686 594 2746 macht,
610 2685 711 2745 wobey
738 2687 811 2747 aber
833 2689 875 2749 die
891 2688 996 2748 Sache
1018 2682 1065 2742 der
1086 2679 1144 2739 Re¬

172 2744 268 2804 ligion
298 2739 343 2799 bey
372 2733 675 2793 Unpartheyischen,
693 2736 917 2796 (vornehmlich
946 2730 1077 2790 solchen,
1101 2730 1151 2790 de¬

176 2793 235 2853 nen
257 2789 284 2849 es
306 2785 332 2845 an
366 2784 446 2844 einer
463 2784 603 2844 Gattung
631 2782 717 2842 eines
739 2784 873 2844 gewissen
901 2787 1009 2847 innern
1031 2778 1139 2838 Sinns

179 2844 236 2904 und
267 2839 398 2899 feineren
421 2835 545 2895 Gehörs
576 2835 648 2895 ganz
665 2834 730 2894 oder
753 2835 804 2895 zum
841 2838 936 2898 Theil
952 2836 1039 2896 fehlt)
1055 2830 1135 2890 mehr

1180 1303 1264 1363 mals
1287 1300 1434 1360 verlieren
1463 1300 1559 1360 kann.
1611 1298 1679 1358 Auf
1696 1300 1786 1360 diesem
1827 1300 1911 1360 guten
1940 1300 2036 1360 Wege
2065 1300 2149 1360 fährt

1172 1343 1243 1403 auch
1268 1342 1321 1402 der
1345 1342 1503 1402 Verfasser
1528 1342 1590 1402 fort
1615 1342 1662 1402 die
1682 1342 1884 1402 Anmerkung
1914 1345 1942 1405 zu
1976 1345 2154 1405 wiederho¬

1173 1387 1245 1447 len,
1271 1384 1328 1444 daß
1355 1384 1400 1444 der
1422 1384 1541 1444 Sohn
1577 1385 1733 1445 Gottes
1760 1389 1930 1449 schlechthin
1967 1390 2070 1450 gesetzt
2097 1392 2137 1452 ein

1173 1428 1358 1488 königlicher
1380 1428 1575 1488 Amtsname
1597 1428 1644 1488 des
1671 1432 1803 1492 Meßias
1830 1434 1893 1494 sey.
1920 1434 2015 1494 (Eine
2037 1436 2148 1496 Erfin¬

1173 1475 1252 1535 dung
1279 1476 1326 1536 des
1353 1478 1443 1538 neuen
1475 1479 1708 1539 philologischen
1740 1479 1962 1539 Geschmacks,
1984 1485 2094 1545 welche
2111 1485 2137 1545 in

1174 1527 1225 1587 dem
1257 1527 1550 1587 Osterprogramma
1571 1527 1617 1587 des
1638 1527 1756 1587 vorigen
1783 1527 1901 1587 Jahres
1922 1527 1973 1587 von
1999 1529 2045 1589 D.
2061 1532 2148 1592 Heil¬

1170 1577 1261 1637 mann
1284 1578 1511 1638 weitläuftiger
1534 1576 1751 1636 ausgeführt,
1784 1578 1854 1638 aber
1877 1578 2006 1638 ungleich
2040 1581 2148 1641 aufge¬

1174 1626 1319 1686 nommen
1347 1628 1508 1688 worden.)
1541 1625 1589 1685 V.
1606 1627 1643 1687 7.
1660 1625 1794 1685 wünscht
1811 1625 1859 1685 der
1882 1625 1962 1685 Herr
1984 1627 2146 1687 Hofrath,

1179 1677 1228 1737 daß
1256 1678 1377 1738 jemand
1411 1676 1455 1736 die
1483 1676 1671 1736 Redensart
1693 1674 1803 1734 Tage
1837 1676 1903 1736 des
1936 1673 2135 1733 Fleisches

1174 1727 1230 1787 bey
1264 1727 1343 1787 einem
1395 1724 1626 1784 Schriftsteller
1661 1725 1836 1785 auffände,
1876 1727 1932 1787 der
1962 1724 2001 1784 sie
2030 1727 2142 1787 Paulo

1172 1771 1255 1831 nicht
1275 1772 1447 1832 abgeborgt
1467 1772 1574 1832 hätte,
1599 1772 1658 1832 und
1688 1772 1771 1832 wagt
1801 1772 1888 1832 unter
1914 1772 1996 1832 einer
2017 1775 2149 1835 Anspie¬

1174 1817 1245 1877 lung
1273 1815 1328 1875 auf
1351 1815 1428 1875 einen
1451 1814 1544 1874 Psalm
1584 1819 1633 1879 die
1650 1817 1832 1877 sylleptische
1855 1817 1916 1877 und
1938 1819 2032 1879 etwas
2060 1819 2142 1879 harte

1173 1858 1420 1918 Uebersetzung:
1446 1858 1554 1918 "Gott
1575 1864 1631 1924 hat
1647 1864 1688 1924 ihn
1719 1864 1786 1924 von
1817 1867 1863 1927 der
1879 1865 1992 1925 Furcht
2008 1865 2131 1925 erhört"

1169 1907 1308 1967 anstatt:
1335 1903 1422 1963 Gott
1443 1903 1500 1963 hat
1526 1907 1572 1967 ihn
1603 1909 1706 1969 erhört
1733 1909 1794 1969 und
1826 1912 1882 1972 von
1914 1912 1965 1972 den
2002 1914 2136 1974 Banden

1176 1951 1220 2011 der
1236 1948 1346 2008 Furcht
1362 1948 1482 2008 erlöset.
1508 1951 1552 2011 V.
1568 1954 1623 2014 13.
1643 1954 1774 2014 versteht
1790 1956 1814 2016 er
1835 1957 1920 2017 unter
1941 1955 1985 2015 dem
2026 1957 2141 2017 "Wort

1178 1996 1247 2056 „der
1268 1993 1464 2053 Wahrheit"
1494 1993 1544 2053 den
1570 1999 1751 2059 Unterricht
1772 1999 1821 2059 von
1852 1999 1902 2059 dem
1943 2004 2138 2064 Gegenbilde

1171 2041 1242 2101 oder
1264 2040 1309 2100 der
1336 2037 1444 2097 Sache
1465 2037 1568 2097 selbst,
1604 2040 1713 2100 welche
1744 2042 1785 2102 ein
1821 2042 1955 2102 Vorbild
1987 2048 2146 2108 bedeutet,

1173 2090 1293 2150 getraut
1324 2085 1369 2145 sich
1404 2082 1473 2142 aber
1503 2082 1583 2142 nicht
1613 2085 1694 2145 diese
1717 2086 1937 2146 Vermuthung
1972 2092 2145 2152 aufzuneh¬

1171 2136 1265 2196 men,
1289 2133 1312 2193 so
1342 2130 1431 2190 lange
1461 2132 1508 2192 ihm
1556 2133 1620 2193 eine
1650 2135 1780 2195 Stelle,
1805 2136 1851 2196 wo
1887 2137 1935 2197 die
1953 2140 2141 2200 Redensart

1171 2187 1285 2247 λνος
1309 2184 1546 2244 αiς
1564 2193 1755 2253 vorkommt,
1773 2190 1927 2250 mangelt.
1964 2197 2142 2257 (Vielleicht

1172 2243 1246 2303 ließe
1272 2243 1347 2303 sich,
1372 2243 1465 2303 gleich
1491 2246 1540 2306 den
1566 2249 2022 2309 kνοςααLnς,
2054 2256 2140 2316 leich¬

1171 2301 1211 2361 ter
1240 2294 1303 2354 λoν
1362 2297 1443 2357 λα
1611 2306 1750 2366 finden.)
1774 2308 1861 2368 Cap.
1879 2309 1936 2369 VI,
1942 2309 1976 2369 1.
1995 2308 2069 2368 wird
2093 2311 2133 2371 ein

1169 2345 1360 2405 Unterscheid
1388 2351 1526 2411 gemacht
1543 2355 1680 2415 zwischen
1708 2357 1750 2417 dem
1793 2358 2144 2418 "Anfangsunterricht

1168 2388 1249 2448 „von
1276 2395 1443 2455 Christo,"
1487 2399 1562 2459 oder
1579 2405 1686 2465 solchen
1720 2405 1854 2465 Lehren,
1882 2407 1935 2467 auf
1952 2405 2059 2465 welche
2082 2406 2130 2466 der

1171 2440 1297 2500 Apostel
1315 2442 1367 2502 bey
1390 2446 1442 2506 der
1455 2448 1645 2508 Bekehrung
1669 2452 1749 2512 eines
1773 2452 1876 2512 Juden
1900 2451 1946 2511 zum
1982 2452 2143 2512 Christen=

185 2500 228 2560 In
256 2503 305 2563 den
333 2503 570 2563 Anmerkungen
598 2499 719 2559 rechnet
741 2500 790 2560 der
813 2500 896 2560 Herr
919 2495 1050 2555 Hofrath
1078 2491 1127 2551 den
1172 2490 1243 2550 thum
1277 2493 1398 2553 dringt,
1409 2497 1464 2557 und
1486 2498 1624 2558 zwischen
1647 2500 1690 2560 den
1719 2497 2065 2557 "Anfangsbuchstaben
2094 2500 2137 2560 der

1187 2539 1354 2599 göttlichen
1378 2545 1493 2605 Lehre”
1523 2548 1545 2608 im
1580 2548 1638 2608 12.
1650 2548 1731 2608 Vers
1755 2545 1806 2605 des
1830 2543 1956 2603 vorigen
1986 2548 2141 2608 Capitels,

1169 2635 1338 2695 gemeynet
1365 2642 1519 2702 würden,
1545 2645 1627 2705 wenn
1654 2643 1720 2703 man
1757 2641 1844 2701 solche
1865 2641 1922 2701 von
1948 2638 2035 2698 ihrer
2056 2639 2143 2699 Deu¬

1164 2680 1240 2740 tung
1267 2688 1446 2748 absondert.
1496 2693 1566 2753 Der
1594 2690 1675 2750 Herr
1697 2685 1832 2745 Hofrath
1860 2688 1963 2748 warnt
1986 2687 2039 2747 mit
2056 2685 2148 2745 Pau¬

1171 2727 1199 2787 lo
1223 2732 1292 2792 aber
1316 2736 1485 2796 Ungeübte
1503 2741 1554 2801 für
1578 2739 1619 2799 die
1642 2734 1828 2794 Auslegung
1852 2733 1904 2793 der
1922 2733 2032 2793 Bilder
2050 2733 2090 2793 A.
2102 2733 2142 2793 T.

1175 2776 1246 2836 weil
1264 2781 1376 2841 selbige
1395 2787 1447 2847 dem
1484 2787 1649 2847 gefährlich
1680 2783 1852 2843 spielenden
1882 2781 1964 2841 Witz
1983 2778 2024 2838 ein
2054 2781 2142 2841 allzu¬

1180 2830 1284 2890 freyes
1303 2834 1376 2894 Feld
1401 2838 1542 2898 eröfnet,
1568 2838 1641 2898 falls
1666 2835 1696 2895 sie
1722 2834 1801 2894 nicht
1820 2832 1875 2892 mit
1901 2825 2146 2885 Furchtsam¬

2057 2876 2152 2936 keit
