2479 3508
186 360 341 420 teinischer
366 363 441 423 oder
460 358 670 418 französischer
691 354 851 414 Sprache,
864 351 933 411 aber
952 354 1100 414 Postfrey
1126 354 1156 414 an

193 405 242 465 den
271 409 364 469 Herrn
403 407 508 467 Prof.
531 401 702 461 Formey
736 399 763 459 zu
791 401 940 461 Berlin,
963 404 1156 464 beständigen

197 455 361 515 Secretair
388 455 440 515 der
467 450 583 510 dasigen
627 447 796 507 Academie
829 448 876 508 der
908 449 1157 509 Wißenschaften

192 505 342 565 schicken,
368 503 417 563 der
443 497 555 557 selbige
581 497 612 557 an
644 497 694 557 den
727 497 826 557 Herrn
865 500 996 560 Arnaud
1015 500 1159 560 besorgen

1205 354 1304 414 wird.
1352 357 1498 417 Zugleich
1519 357 1638 417 werden
1672 357 1719 417 die
1740 357 1973 417 Buchhändler
2000 356 2112 416 ersucht
2133 354 2179 414 den

1205 404 1386 464 genauesten
1414 404 1513 464 Preis
1536 401 1618 461 ihrer
1640 404 1772 464 Bücher
1795 406 1855 466 mit
1872 406 2092 466 beyzufügen,
2120 403 2180 463 und

1209 452 1287 512 ihres
1316 452 1394 512 Orts
1418 452 1468 512 die
1491 452 1723 512 Subseription
1751 455 1847 515 dieser
1871 455 2022 515 gelehrten
2051 455 2175 515 Zeitung

1205 502 1237 562 zu
1264 500 1452 560 befördern.

442 663 625 723 Berlin,
654 664 709 724 den
746 667 787 727 7.
816 667 928 727 April.

247 709 315 769 Se.
333 709 471 769 Königl.
489 712 645 772 Majestät
669 712 767 772 kamen
791 715 964 775 vorgestern
988 715 1039 775 aus
1063 712 1172 772 Schle=

193 753 247 813 sien
291 757 403 817 wieder
437 759 561 819 zurück,
588 763 647 823 und
686 763 821 823 begaben
859 763 907 823 sich
941 763 1059 823 gestern
1098 763 1162 823 nach

195 801 384 861 Potsdam.

296 852 527 912 Frankfurt
556 855 589 915 am
630 857 754 917 Main,
783 855 833 915 den
868 855 930 915 30.
959 855 1077 915 März.

250 899 419 959 Dienstags
453 902 492 962 ist
516 903 566 963 die
584 903 690 963 Wahl
714 903 765 963 des
788 903 1002 963 Cronprinzen
1031 903 1172 963 Josephi

197 945 248 1005 zum
295 948 479 1008 Römischen
521 951 647 1011 Könige
677 951 867 1011 geschehen,
891 951 954 1011 und
989 952 1075 1012 durch
1111 953 1162 1013 den

198 995 456 1055 Domdechanten
488 998 541 1058 von
578 1000 715 1060 Mainz,
748 998 921 1058 Freyherrn
959 998 1011 1058 von
1043 1001 1174 1061 Fechen¬

193 1043 295 1103 bach,
323 1046 511 1106 ausgerufen
538 1046 683 1106 worden.
733 1046 802 1106 Der
830 1046 1174 1106 Reichserbmarschall

196 1088 287 1148 Graf
315 1091 368 1151 von
401 1095 654 1155 Pappenheim,
682 1096 768 1156 gieng
806 1094 843 1154 um
887 1095 903 1155 5
941 1095 1006 1155 Uhr
1039 1097 1097 1157 mit
1120 1094 1168 1154 der

195 1138 369 1198 Nachricht
391 1140 485 1200 davon
512 1142 580 1202 nach
607 1142 839 1202 Heussenstamm
876 1142 934 1202 ab,
971 1142 1029 1202 und
1051 1142 1087 1202 ist
1114 1142 1171 1202 mit

195 1183 279 1243 einem
320 1184 386 1244 sehr
406 1187 557 1247 kostbaren
583 1187 785 1247 brillantenen
811 1190 895 1250 Ring
912 1190 1017 1250 beehrt
1032 1190 1173 1250 worden.

197 1228 383 1288 Vorgestern
418 1230 599 1290 Vormittag
634 1231 668 1291 um
718 1234 756 1294 11
791 1233 854 1293 Uhr
884 1234 972 1294 gieng
1007 1234 1056 1294 der
1086 1236 1169 1296 Herr

199 1269 296 1329 Prinz
323 1271 478 1331 Friedrich
504 1276 561 1336 von
588 1276 924 1336 Pfalz=Zweybrücken
946 1279 1106 1339 gleichfals
1127 1279 1178 1339 ab,

194 1315 232 1375 um
270 1315 318 1375 die
342 1315 538 1375 Diplomata
562 1320 609 1380 des
639 1318 839 1378 Churfürstl.
854 1320 992 1380 Collegii
1017 1321 1045 1381 zu
1083 1318 1174 1378 über¬

196 1358 348 1418 bringen,
373 1360 460 1420 unter
486 1360 622 1420 Gefolge
643 1360 691 1420 des
721 1360 838 1420 Grafen
863 1360 1010 1420 Affligio,
1035 1360 1049 1420 2
1069 1360 1176 1420 Chur¬

194 1402 369 1462 pfälzischer
401 1405 768 1465 General=Adjutanten
795 1404 852 1464 und
889 1404 940 1464 des
966 1404 1173 1464 Churbayer¬

196 1449 273 1509 schen
299 1449 567 1509 Kammerherrn,
588 1452 701 1512 Baron
733 1449 784 1509 von
816 1450 991 1510 Zettewitz.
1043 1452 1172 1512 Höchst¬

197 1497 327 1557 besagter
351 1497 458 1557 Prinz
482 1500 515 1560 ist
539 1500 595 1560 mit
619 1500 698 1560 einem
738 1500 858 1560 kostbar
881 1500 1018 1560 besetzten
1047 1498 1177 1558 Degen,

195 1546 253 1606 und
280 1545 375 1605 beyde
397 1548 492 1608 Herrn
524 1551 873 1611 General=Adjutanten
901 1551 980 1611 jeder
1002 1551 1060 1611 mit
1087 1553 1171 1613 einer

197 1596 341 1656 goldenen
373 1599 559 1659 Tabattiere
576 1602 730 1662 beschenkt
746 1602 890 1662 worden.
918 1602 1050 1662 Gestern
1072 1603 1178 1663 Nach¬

194 1646 324 1706 mittags
359 1648 478 1708 geschah
524 1649 574 1709 der
603 1649 797 1709 Kaiserliche
826 1652 1018 1712 Königliche
1047 1655 1166 1715 Einzug

199 1698 252 1758 zum
291 1700 626 1760 Sachsenhauserthor
648 1703 772 1763 herein,
789 1700 859 1760 über
881 1700 929 1760 die
951 1703 1070 1763 Brücke
1087 1703 1173 1763 durch

196 1742 244 1802 die
266 1747 461 1807 Fährgasse,
488 1748 531 1808 die
559 1748 645 1808 Zeil,
673 1748 760 1808 durch
793 1745 841 1805 die
863 1748 1171 1808 Catharinenpforte

198 1789 273 1849 über
298 1792 344 1852 die
365 1794 439 1854 neue
465 1793 596 1853 Cräme,
623 1793 672 1853 den
698 1792 895 1852 Römerberg
916 1790 971 1850 und
992 1793 1036 1853 den
1063 1797 1178 1857 Markt

197 1838 259 1898 nach
291 1840 337 1900 der
363 1837 430 1897 St.
447 1837 686 1897 Bartholomäi
707 1834 915 1894 Domkirche,
941 1834 982 1894 wo
1004 1837 1050 1897 des
1071 1841 1175 1901 Röm.

202 1886 329 1946 Königs
356 1888 450 1948 Maj.
467 1886 514 1946 die
530 1882 831 1942 Wahlcapitulation
863 1879 1069 1939 beschworen,
1085 1887 1174 1947 unter

203 1933 386 1993 Abfeurung
414 1932 467 1992 von
501 1927 560 1987 300
593 1927 738 1987 Canonen
772 1927 831 1987 und
853 1927 977 1987 stätigem
1027 1933 1178 1993 Geläute,

197 1980 224 2040 in
257 1981 457 2041 feyerlichster
480 1975 637 2035 Ordnung
665 1974 724 2034 und
746 1971 870 2031 Pracht
893 1972 908 2032 —
974 1975 1169 2035 Vorgestern

201 2025 267 2085 spät
288 2024 345 2084 sind
371 2023 412 2083 die
438 2020 680 2080 Nürnbergsche
696 2020 871 2080 Deputirte
892 2020 953 2080 mit
974 2020 1020 2080 der
1041 2023 1175 2083 Reichs¬

202 2069 294 2129 krone
315 2069 372 2129 und
399 2070 569 2130 Insignien
595 2070 709 2130 allhier
730 2070 952 2130 eingetroffen.
979 2070 1082 2130 Heute
1098 2070 1180 2130 wur¬

203 2116 251 2176 den
273 2118 359 2178 Jhro
382 2119 517 2179 Kaiserl.
529 2121 582 2181 und
605 2121 653 2181 des
670 2121 772 2181 Röm.
789 2121 908 2181 Königs
931 2118 1022 2178 Maj.
1034 2118 1093 2178 und
1115 2118 1158 2178 dem

205 2166 382 2226 Erherzoge
399 2169 550 2229 Leopold,
573 2169 626 2229 von
654 2169 707 2229 den
740 2169 978 2229 Abgeordneten
1011 2166 1059 2226 des
1092 2166 1177 2226 hiesi¬

202 2218 251 2278 gen
279 2217 378 2277 Raths
401 2217 444 2277 die
461 2217 632 2277 Geschenke
649 2218 959 2278 allerunterthänigst
976 2214 1175 2274 üͤberreichet.

240 2267 366 2327 Auszug
388 2267 467 2327 eines
489 2264 684 2324 Schreibens
706 2264 758 2324 aus
780 2267 912 2327 Mitau,
923 2263 949 2323 d.
960 2261 1018 2321 30.
1029 2261 1139 2321 März.

250 2312 331 2372 Man
359 2315 412 2375 hat
435 2315 477 2375 dem
511 2312 646 2372 Publico
663 2312 690 2372 in
712 2312 760 2372 dem
793 2312 858 2372 7ten
880 2312 983 2372 Stück
1000 2309 1092 2369 dieser
1109 2308 1173 2368 Zei=

203 2359 274 2419 tung
302 2363 351 2423 das
380 2362 672 2422 Rußisch=Kaiserl.
689 2360 855 2420 Rescript,
866 2362 993 2422 welches
1015 2357 1086 2417 Sr.
1098 2354 1169 2414 Exc.

204 2407 250 2467 dem
286 2411 384 2471 Herrn
410 2410 713 2470 Cabinetsministre
735 2407 786 2467 von
817 2409 863 2469 der
884 2408 1002 2468 Howen
1028 2404 1084 2464 hat
1106 2400 1172 2460 vor¬

201 2453 314 2513 gelesen
340 2455 459 2515 werden
485 2455 599 2515 sollen,
620 2455 852 2515 mitgetheilet:
889 2458 920 2518 da
946 2453 1075 2513 derselbe
1101 2451 1168 2511 aber

202 2502 280 2562 schon
309 2503 440 2563 vorhero
463 2503 531 2563 nach
560 2500 724 2560 Warschau
753 2504 923 2564 abgereiset
946 2503 1110 2563 gewesen;
1139 2498 1167 2558 so

203 2551 258 2611 hat
280 2548 368 2608 dieses
402 2550 429 2610 zu
463 2550 512 2610 dem
557 2548 794 2608 nachstehenden
828 2554 1070 2614 Briefwechsel,
1099 2547 1170 2607 zwi¬

199 2599 275 2659 schen
317 2598 512 2658 obgedachten
545 2599 642 2659 Herrn
678 2599 982 2659 Cabinetsministre
1009 2599 1065 2659 und
1096 2596 1147 2656 dem

203 2644 378 2704 Rußischen
407 2643 558 2703 Minister
587 2643 688 2703 Herrn
722 2646 885 2706 Etatsrath
920 2649 976 2709 von
1010 2646 1156 2706 Simolin

202 2694 417 2754 Gelegenheit
435 2691 590 2751 gegeben:

255 2736 591 2796 Hochwohlgebohrner
614 2739 704 2799 Herr,

322 2784 575 2844 Hochzuehrender
593 2784 668 2844 Herr
686 2785 991 2845 Cabinets=Minister
1015 2787 1043 2847 u.
1055 2784 1170 2844 Ritter.

241 2828 315 2888 Ew.
331 2829 405 2889 Exc.
421 2826 489 2886 wird
516 2826 686 2886 erinnerlich
707 2828 791 2888 seyn,
813 2829 860 2889 daß
893 2833 919 2893 im
956 2829 1162 2889 Allerhöchsten

199 2876 323 2936 Namen
346 2876 425 2936 Jhro
442 2873 567 2933 Kaiserl.
573 2873 697 2933 Majest.
703 2873 810 2933 meiner
827 2876 1059 2936 allergnädigsten
1082 2875 1172 2935 Sou=

1209 665 1344 725 veraine,
1368 667 1407 727 ich
1430 667 1474 727 vor
1498 667 1604 727 einigen
1633 667 1729 727 Tagen
1758 667 1786 727 zu
1815 665 1910 725 dreyen
1934 664 2040 724 mahlen
2064 664 2091 724 an
2114 664 2193 724 Die¬

1210 706 1291 766 selben
1325 709 1363 769 als
1387 706 1550 766 gewesenen
1574 706 1824 766 Landhofmeister
1853 706 1991 766 gesandt,
2011 703 2044 763 um
2088 703 2130 763 die
2150 700 2193 760 al¬

1208 751 1358 811 lerhöchste
1379 751 1665 811 Willensmeynung
1701 751 1811 811 meiner
1837 746 2077 806 allergnädigsten
2113 745 2188 805 Mo¬

1207 789 1324 849 narchin
1350 792 1545 852 Denenselben
1570 795 1624 855 und
1649 795 1717 855 allen
1747 794 1854 854 denen,
1865 791 1904 851 die
1924 788 2026 848 gleiche
2046 786 2183 846 Sprache

1211 832 1265 892 mit
1288 834 1393 894 Ihnen
1415 834 1542 894 fuͤhren,
1559 837 1686 897 bekannt
1709 839 1730 899 zu
1758 837 1874 897 machen
1903 834 1952 894 und
1980 830 2001 890 in
2030 828 2190 888 Originali

1210 876 1354 936 vorzeigen
1381 876 1406 936 zu
1437 879 1566 939 können.
1608 879 1684 939 Ew.
1706 879 1783 939 Exc.
1804 879 1892 939 haben
1923 873 1984 933 aber
2006 873 2093 933 wider
2114 872 2181 932 alles

1214 918 1420 978 Vermuthen,
1442 921 1494 981 auf
1521 922 1585 982 eine
1606 921 1685 981 ganz
1712 921 1956 981 ungewöhnliche
1983 915 2056 975 Art,
2073 915 2136 975 eben
2163 916 2183 976 so

1208 962 1303 1022 wenig
1338 963 1383 1023 den
1419 966 1610 1026 Secretaire,
1635 963 1675 1023 als
1707 963 1751 1023 den
1787 963 1882 1023 Herrn
1913 958 2189 1018 Obristlieutenant

1210 1001 1262 1061 von
1289 1004 1458 1064 Schröders
1479 1007 1563 1067 unter
1590 1004 1812 1064 Vorschützung
1844 1003 1923 1063 einer
1950 1001 2086 1061 wiewohl
2113 1001 2186 1061 nicht

1204 1046 1361 1106 bekannten
1391 1049 1553 1109 Krankheit
1573 1049 1666 1109 weder
1686 1048 1735 1108 vor
1760 1046 1833 1106 Sich
1858 1046 1961 1106 lassen,
1991 1042 2059 1102 noch
2084 1043 2187 1103 denen¬

1211 1088 1292 1148 selben
1324 1091 1431 1151 einiges
1452 1091 1560 1151 Gehöͤr
1576 1092 1709 1152 ertheilen
1740 1091 1863 1151 wollen,
1884 1089 1940 1149 und
1966 1085 2084 1145 dadurch
2105 1085 2187 1145 Dero

1210 1133 1328 1193 geringe
1349 1136 1612 1196 Aufmerksamkeit
1633 1136 1689 1196 und
1715 1136 1833 1196 widrige
1860 1130 2071 1190 Gesinnungen
2102 1127 2179 1187 gegen

1208 1175 1321 1235 meinen
1352 1178 1559 1238 Allerhoͤchsten
1585 1178 1668 1238 Hof,
1694 1178 1813 1238 deutlich
1845 1175 1937 1235 genug
1958 1169 1983 1229 zu
2021 1169 2103 1229 Tage
2124 1169 2196 1229 gele¬

1206 1219 1266 1279 get,
1289 1216 1311 1276 so
1339 1219 1489 1279 demselben
1523 1219 1607 1279 nicht
1635 1219 1740 1279 anders
1769 1219 1813 1279 als
1841 1216 1991 1276 mißfällig
2014 1210 2042 1270 zu
2070 1210 2192 1270 verneh¬

1211 1255 1271 1315 men
1297 1255 1353 1315 seyn
1384 1257 1474 1317 wird.

1250 1291 1307 1351 Da
1331 1294 1364 1354 ich
1388 1294 1455 1354 mich
1484 1297 1666 1357 verpflichtet
1690 1294 1814 1354 befinde,
1839 1292 1887 1352 dem
1930 1288 2121 1348 ohngeachtet
2150 1289 2193 1349 die

1208 1330 1389 1390 allerhöchste
1413 1333 1538 1393 Befehle
1557 1336 1640 1396 Ihro
1664 1333 1794 1393 Kaiserl.
1808 1330 1943 1390 Majest.
1966 1330 2077 1390 meiner
2106 1327 2189 1387 aller¬

1208 1366 1371 1426 gnäͤdigsten
1405 1372 1586 1432 Monarchin
1615 1372 1633 1432 in
1661 1372 1787 1432 genauer
1811 1371 1969 1431 Erfüllung
1993 1371 2020 1431 zu
2045 1372 2193 1432 bringen;

1212 1404 1231 1464 so
1252 1407 1310 1467 sehe
1330 1409 1369 1469 ich
1394 1410 1462 1470 mich
1487 1411 1550 1471 nach
1576 1413 1658 1473 diesem
1698 1413 1825 1473 Vorfall
1851 1410 2051 1470 gegenwärtig
2081 1413 2189 1473 veran¬

1203 1449 1293 1509 lasset,
1314 1449 1344 1509 zu
1370 1452 1445 1512 Ew.
1461 1452 1532 1512 Exc.
1553 1455 1608 1515 und
1634 1454 1715 1514 Dero
1746 1455 1862 1515 Partie
1888 1452 2182 1512 Benachrichtigung

1211 1492 1260 1552 und
1281 1494 1462 1554 Anweisung
1488 1497 1548 1557 eine
1568 1497 1714 1557 Abschrift
1730 1497 1780 1557 von
1806 1497 1881 1557 dem,
1907 1494 1992 1554 unter
2012 1494 2092 1554 Ihro
2113 1497 2188 1557 Kai¬

1213 1537 1277 1597 serl.
1294 1539 1472 1599 Allerhöchst
1489 1542 1716 1602 eigenhaͤndigen
1743 1539 1942 1599 Unterschrift
1960 1539 2013 1599 mir
2035 1539 2191 1599 zugekom¬

1207 1581 1303 1641 menen
1332 1584 1481 1644 Rescript,
1506 1584 1597 1644 hiebey
1621 1585 1645 1645 zu
1680 1585 1776 1645 legen.
1819 1584 1886 1644 Sie
1906 1582 2016 1642 werden
2046 1583 2094 1643 aus
2118 1580 2195 1640 dem¬

1206 1625 1290 1685 selben
1322 1627 1364 1687 die
1381 1628 1592 1688 großmuͤthige
1614 1630 1825 1690 Gesinnungen
1853 1625 1911 1685 und
1933 1623 2080 1683 Vorsorge
2102 1625 2186 1685 dieser

1213 1670 1459 1730 weltgepriesenen
1504 1674 1690 1734 Monarchin
1726 1670 1770 1730 für
1800 1670 1883 1730 Dero
1908 1670 2110 1730 Vaterland,
2140 1669 2193 1729 zur

1217 1715 1329 1775 Gnuͤge
1352 1716 1486 1776 ersehen,
1508 1718 1567 1778 und
1589 1717 1659 1777 falls
1681 1715 1745 1775 Sie
1767 1716 1891 1776 selbiges
1913 1715 2026 1775 lieben,
2048 1714 2096 1774 sich
2118 1714 2193 1774 selbst

1211 1757 1393 1817 verpflichtet
1414 1760 1528 1820 finden,
1555 1762 1632 1822 Ihro
1654 1760 1784 1820 Kaiserl.
1800 1760 1930 1820 Majest.
1941 1757 2023 1817 dafüͤr
2046 1756 2086 1816 den
2118 1757 2201 1817 aller¬

1216 1799 1468 1859 unterthaͤnigsten
1494 1802 1586 1862 Dank
1602 1802 1632 1862 zu
1659 1799 1808 1859 bezeigen,
1829 1801 1885 1861 und
1922 1798 1967 1858 sich
1999 1799 2137 1859 hinfuͤhro
2169 1799 2189 1859 so

1208 1843 1232 1903 zu
1263 1837 1439 1897 benehmen,
1465 1840 1558 1900 damit
1584 1842 1765 1902 Allerhöchst
1790 1840 1948 1900 Derselben
1983 1840 2057 1900 keine
2077 1840 2194 1900 weitere

1213 1876 1375 1936 Anleitung
1400 1876 1423 1936 zu
1452 1879 1529 1939 einem
1563 1884 1701 1944 gerechten
1726 1882 1994 1942 Misvergnuͤgen,
2018 1882 2070 1942 und
2095 1882 2123 1942 zu
2143 1881 2200 1941 Er¬

1208 1920 1340 1980 greifung
1376 1918 1474 1978 solcher
1505 1924 1736 1984 unumgänglich
1776 1924 2007 1984 nothwendigen
2042 1924 2194 1984 Maaßre¬

1212 1960 1291 2020 geln,
1311 1957 1443 2017 wodurch
1469 1957 1508 2017 die
1528 1963 1685 2023 innerliche
1706 1966 1799 2026 Ruhe
1819 1966 1838 2026 in
1868 1966 1952 2026 diesen
1977 1963 2184 2023 benachbarten

1212 1999 1383 2059 Provinzen
1413 1997 1521 2057 wieder
1546 2002 1728 2062 hergestellet
1753 2005 1860 2065 werden
1900 2008 2018 2068 müste,
2063 2005 2185 2065 gegeben

1208 2040 1325 2100 werden
1352 2037 1451 2097 möge.

1257 2079 1420 2139 Uebrigens
1442 2079 1505 2139 habe
1526 2079 1563 2139 ich
1585 2079 1626 2139 die
1648 2079 1727 2139 Ehre
1744 2079 1811 2139 Ew.
1823 2080 1896 2140 Exc.
1913 2082 1954 2142 als
1976 2082 2192 2142 Bevollmäch¬

1210 2124 1297 2184 tigten
1334 2121 1421 2181 Dero
1448 2123 1576 2183 Partie,
1614 2127 1788 2187 hiemittelst
1810 2127 1959 2187 ergebenst
1980 2124 2006 2184 zu
2038 2127 2192 2187 ersuchen,

1210 2166 1256 2226 den
1287 2163 1400 2223 Inhalt
1422 2166 1571 2226 gedachten
1607 2170 1741 2230 Kaiserl.
1757 2172 1912 2232 Rescripts
1944 2169 2056 2229 selbiger
2078 2169 2191 2229 mitzu¬

1211 2208 1330 2268 theilen,
1351 2205 1418 2265 oder
1440 2208 1470 2268 sie
1492 2212 1601 2272 anhero
1622 2217 1752 2277 kommen
1778 2217 1804 2277 zu
1830 2214 1934 2274 lassen,
1960 2214 2064 2274 damit
2086 2216 2121 2276 ich
2148 2211 2194 2271 ih¬

1211 2249 1260 2309 nen
1288 2248 1338 2308 das
1360 2248 1510 2308 Original
1527 2254 1604 2314 selbst
1622 2258 1792 2318 vorzeigen,
1816 2260 1870 2320 und
1893 2258 1926 2318 sie
1948 2258 1997 2318 aus
2026 2258 2070 2318 dem
2109 2258 2192 2318 straf¬

1207 2291 1289 2351 baren
1317 2290 1455 2350 Zweifel,
1478 2297 1500 2357 in
1522 2300 1644 2360 welchen
1672 2303 1700 2363 sie
1723 2303 1766 2363 sich
1784 2303 1855 2363 ihrem
1895 2303 2089 2363 vergeblichen
2111 2300 2188 2360 Vor¬

1206 2335 1286 2395 geben
1316 2333 1384 2393 nach
1409 2336 1478 2396 über
1496 2341 1541 2401 die
1559 2345 1727 2405 wahrhafte
1751 2348 1970 2408 Gesinnungen
2000 2343 2081 2403 Jhro
2110 2345 2190 2405 Kai¬

1209 2375 1273 2435 serl.
1286 2375 1374 2435 Maj.
1386 2378 1427 2438 bis
1445 2383 1521 2443 hiezu
1551 2389 1674 2449 befinden
1705 2390 1828 2450 wollen,
1846 2390 1957 2450 gesetzet
1976 2387 2105 2447 werden,
2123 2387 2175 2447 und

1206 2419 1283 2479 keine
1308 2420 1422 2480 weitere
1441 2427 1561 2487 Ursache
1580 2432 1658 2492 ihrer
1677 2432 1893 2492 Unwissenheit
1918 2429 2093 2489 vorschützen
2117 2428 2183 2488 kön¬

1205 2461 1279 2521 nen.
1324 2464 1386 2524 Jch
1412 2467 1480 2527 habe
1506 2473 1542 2533 die
1562 2475 1643 2535 Ehre
1656 2476 1712 2536 mit
1731 2479 1774 2539 der
1800 2475 2056 2535 vollkommensten
2082 2473 2181 2533 Hoch=

1203 2506 1326 2566 achtung
1353 2515 1595 2575 unveraͤnderlich
1617 2521 1642 2581 zu
1668 2521 1725 2581 seyn

1574 2575 1652 2635 Ew.
1675 2575 1817 2635 Exellenz

1319 2620 1430 2680 Mitau

1766 2626 1956 2686 gehorsamer
1991 2623 2112 2683 Diener

1210 2668 1253 2728 den
1343 2670 1431 2730 Febr.
1439 2673 1527 2733 1764.

1816 2673 1910 2733 C.Ed.
1919 2673 1947 2733 v.
1955 2670 2107 2730 Simolin.

1224 2745 1556 2805 Hochwohlgebohrner
1581 2751 1655 2811 Herr

1280 2792 1545 2852 Hochzuehrender
1567 2793 1644 2853 Herr
1661 2790 1815 2850 Etatsrath
1849 2790 1898 2850 und
1927 2784 2092 2844 Minister!

1244 2831 1382 2891 Nachdem
1428 2835 1466 2895 ich
1489 2835 1639 2895 wichtiger
1662 2832 1923 2892 Angelegenheiten
1957 2829 2051 2889 halber
2080 2823 2173 2883 hieher

1205 2879 1273 2939 nach
1296 2879 1454 2939 Warschau
1483 2882 1562 2942 reisen
1591 2880 1726 2940 muͤssen,
1744 2879 1772 2939 so
1795 2876 1862 2936 wird
1891 2873 1942 2933 mir
1965 2870 2015 2930 aus
2039 2869 2168 2929 Curland

2110 2911 2169 2971 von
