2479 3508
176 386 229 446 hen
254 383 386 443 möchte,
405 383 477 443 weil
489 382 519 442 er
544 380 585 440 bis
610 377 664 437 zum
701 376 791 436 Eckel
815 374 851 434 an
882 376 966 436 einem
1009 376 1153 436 Sprach¬

174 434 324 494 gebrauch
352 429 578 489 wiederkäuet,
600 425 658 485 und
686 425 815 485 zugleich
842 425 890 485 den
918 425 1062 485 Irrthum
1106 421 1154 481 be¬

169 491 246 551 geht
266 488 350 548 ohne
377 485 428 545 die
455 482 610 542 geringste
637 482 1001 542 Wahrscheinlichkeit,
1021 476 1156 536 dads¬

172 541 273 601 pevoy
297 540 376 600 einen
411 536 588 596 Mittler
617 533 673 593 und
697 536 753 596 7i
771 537 782 597 v
925 536 1010 596 durch
1040 533 1158 593 Opfer=

562 588 654 648 Cap.
672 586 718 646 X,
747 589 787 649 7.
817 586 921 646 Ueber
956 586 1002 646 die
1038 586 1153 646 Worte

173 640 379 700 nepanidi
392 637 538 697 GiGNs
569 637 580 697 —
642 642 708 702 sagt
727 642 776 702 der
801 640 886 700 Herr
905 640 1032 700 Hofrath
1057 640 1154 700 nichts

168 688 283 748 mehr,
311 691 357 751 als
379 688 520 748 folgende
548 688 785 748 Machtworte:
820 685 907 745 "das
929 686 989 746 ist,
1017 688 1084 748 was
1112 688 1138 748 in
1187 704 1328 764 „solchen
1356 706 1512 766 erborgten
1540 703 1742 763 Wortspielen
1777 700 1810 760 ist
1838 700 1939 760 nichts
1967 706 2055 766 daran
2096 706 2170 766 gele¬

165 723 241 783 "den
269 736 416 796 Büchern
444 736 553 796 Mosis
581 736 635 796 von
663 736 777 796 Opfern
811 736 909 796 steht,
932 736 1062 796 handelt
1090 733 1144 793 von

177 778 298 838 "mir."
333 780 378 840 V.
391 781 442 841 16.
454 784 529 844 wird
547 781 731 841 übersetzt:"
761 783 945 843 Nachdem
986 781 1014 841 er
1038 781 1147 841 vorher

176 831 283 891 gesagt
302 834 405 894 hatte:
441 834 531 894 dies
563 836 604 896 ist
635 831 701 891 der
731 831 852 891 Bund
883 832 954 892 —;
974 834 1015 894 so
1046 834 1154 894 spricht

174 883 223 943 der
246 885 329 945 Herr
352 885 479 945 ferner:
502 886 546 946 ich
575 885 658 945 will
675 885 775 945 mein
803 880 947 940 Gesetz
965 880 975 940 —
1026 885 1075 945 V.
1093 885 1153 945 29.

177 937 228 997 für
258 937 349 997 Geist
373 938 418 998 der
442 940 598 1000 Gnaden,
628 939 696 999 den
726 939 985 999 geschenkten
1021 936 1153 996 Geist.

170 989 270 1049 Unter
301 990 351 1050 den
387 992 559 1052 Ursachen,
590 992 701 1052 warum
747 990 833 1050 Gott
858 990 923 1050 eine
954 990 1065 1050 Kirche
1091 989 1161 1049 ver¬

165 1037 279 1097 ordnen
311 1040 446 1100 müssen,
484 1040 540 1100 hat
567 1039 618 1099 der
650 1037 817 1097 Verfasser
849 1036 917 1096 auch
948 1037 1031 1097 diese
1053 1037 1135 1097 erfun

173 1085 257 1145 den;
284 1086 294 1146 "
316 1085 369 1145 daß
407 1085 469 1145 eine
503 1085 571 1145 blos
603 1085 629 1145 in
662 1085 751 1145 unser
778 1084 863 1144 Herz
890 1083 1144 1143 eingeschlossene

173 1129 278 1189 „ganz
299 1133 430 1193 einsame
455 1133 510 1193 und
536 1133 722 1193 eremitische
738 1133 909 1193 Religion,
925 1130 970 1190 die
996 1133 1076 1193 keine
1096 1133 1156 1193 Ge¬

173 1176 311 1236 "fährtin
343 1178 395 1238 zur
417 1178 576 1238 Ewigkeit
592 1181 671 1241 hat,
693 1181 745 1241 bey
773 1180 820 1240 den
852 1180 973 1240 meisten
1000 1181 1069 1241 noch
1096 1181 1148 1241 vor

184 1222 322 1282 "Ablauf
340 1225 426 1285 ihres
455 1225 571 1285 Lebens
594 1225 738 1285 ersterben
762 1225 900 1285 möchte,
930 1228 987 1288 und
1011 1228 1068 1288 nur
1092 1225 1155 1285 En¬

1194 373 1379 433 "thusiasten
1404 372 1427 432 so
1452 372 1518 432 viel
1531 373 1626 433 Affect
1645 374 1734 434 haben
1765 374 1892 434 würden
1916 374 1952 434 sie
1964 373 2054 433 lange
2079 375 2156 435 gnug

1192 422 1447 482 Pfortzusetzen."
1514 419 1597 479 Eine
1625 419 1752 479 Menge
1781 422 2069 482 Schwierigkeiten
2108 422 2169 482 hat

1187 469 1278 529 unser
1300 470 1500 530 Paraphrast
1523 467 1549 527 in
1577 468 1673 528 seiner
1696 467 1874 527 Erklärung
1907 470 2036 530 dadurch
2070 472 2172 532 gluck¬

1191 515 1243 575 lich
1265 516 1434 576 gehoben,
1456 518 1471 578 "
1493 515 1545 575 daß
1572 515 1598 575 er
1625 515 1656 575 es
1694 515 1778 575 einem
1820 517 1904 577 jeden
1937 515 2169 575 Schriftsteller

1192 561 1335 621 "erlaubt
1360 563 1497 623 Worte,
1532 560 1753 620 Redensarten
1789 563 1847 623 und
1872 563 2044 623 Gedanken
2079 566 2162 626 eines

1196 610 1326 670 "andern
1357 610 1387 670 zu
1413 610 1604 670 entlehnen,
1635 607 1684 667 bey
1711 607 1796 667 einer
1816 610 1932 670 andern
1958 613 2174 673 Gelegenheit

1193 658 1425 718 "anzuwenden
1452 658 1510 718 und
1532 656 1558 716 zu
1590 654 1637 714 den
1669 655 1801 715 seinigen
1839 655 1865 715 zu
1897 658 2045 718 machen.
2093 658 2161 718 Bey

1178 750 1287 810 „gen,
1313 751 1344 811 ob
1376 751 1412 811 sie
1433 751 1490 811 aus
1516 751 1599 811 einer
1621 751 1766 811 richtigen
1792 748 2011 808 Uebersetzung
2042 754 2172 814 genom¬

1196 795 1281 855 "men
1317 797 1377 857 und
1408 797 1433 857 in
1469 798 1539 858 eben
1575 798 1621 858 der
1656 798 1873 858 Construction
1910 797 1965 857 und
2001 797 2091 857 Sinn
2127 798 2177 858 ge¬

1188 844 1341 904 "braucht
1363 843 1505 903 werden,
1527 845 1574 905 als
1601 846 1648 906 der
1670 846 1701 906 sie
1723 843 1807 903 setzt,
1823 844 1870 904 dem
1913 843 1966 903 wir
1982 845 2018 905 sie
2035 848 2161 908 schuldig

1188 891 1303 951 „sind;
1329 894 1404 954 denn
1430 894 1500 954 man
1526 894 1596 954 will
1612 894 1672 954 aus
1693 892 1743 952 ihm
1779 891 1874 951 nichts
1905 894 2082 954 beweisen,
2107 894 2172 954 son¬

1193 934 1280 994 „dern
1311 939 1357 999 sich
1384 939 1450 999 blos
1471 942 1568 1002 seiner
1590 942 1739 1002 Sprache
1760 942 1925 1002 bedienen.
1982 940 2084 1000 Wenn
2121 942 2151 1002 da

1192 979 1283 1039 "hero
1311 987 1424 1047 Worte
1446 990 1494 1050 der
1517 987 1619 1047 Bibel
1642 988 1782 1048 gewählt
1799 990 1950 1050 werden,
1972 992 2123 1052 geschieht
2140 991 2166 1051 es

1193 1030 1295 1090 "nicht
1317 1034 1368 1094 zum
1410 1037 1580 1097 Beweise,
1617 1037 1745 1097 sondern
1777 1036 1854 1096 weil
1875 1035 1911 1095 sie
1937 1039 1988 1099 dem
2031 1037 2164 1097 Schrift

1208 1081 1310 1141 'steller
1347 1085 1403 1145 und
1435 1085 1517 1145 Leser
1548 1085 1594 1145 die
1621 1085 1821 1145 geläufigsten
1858 1085 1945 1145 sind,
1977 1088 2038 1148 und
2070 1088 2167 1148 etwas

1216 1130 1411 1190 sententiöses
1439 1133 1470 1193 an
1493 1133 1541 1193 sich
1569 1133 1699 1193 haben,"
1727 1136 1781 1196 das
1803 1135 1846 1195 sich
1868 1134 1894 1194 zu
1928 1136 2008 1196 einem
2053 1136 2177 1196 Einfall

1194 1183 1364 1243 vorzüglich
1396 1181 1508 1241 schickt.

1421 1228 1511 1288 (Der
1548 1227 1704 1287 Beschluß
1735 1228 1934 1288 nächstens.)

423 1384 603 1444 Berlin,
629 1384 683 1444 den
715 1384 778 1444 10.
802 1381 912 1441 April.

221 1425 295 1485 Der
318 1428 403 1488 Herr
425 1428 506 1488 Rath
539 1426 593 1486 von
631 1426 847 1486 Francheville
874 1428 1062 1488 überreichte
1084 1428 1154 1488 ver¬

175 1473 326 1533 wichenen
356 1473 558 1533 Donnerstag
589 1473 634 1533 der
660 1476 796 1536 Königl.
816 1476 987 1536 Academie
1008 1475 1059 1535 das
1079 1475 1149 1535 erste

173 1523 273 1583 Blatt
294 1521 390 1581 seiner
405 1521 531 1581 Gazette
547 1518 709 1578 Litteraire
730 1521 765 1581 de
785 1523 906 1583 Berlin,
932 1524 987 1584 und
1014 1524 1048 1584 ist
1064 1524 1149 1584 durch

173 1572 264 1632 ihren
305 1572 443 1632 Beyfall
461 1572 518 1632 zur
554 1572 749 1632 Fortsetzung
779 1572 871 1632 dieser
906 1575 1153 1635 Wochenschrift

165 1622 411 1682 aufgemuntert
428 1622 575 1682 worden.
625 1622 767 1682 Hierauf
789 1624 893 1684 verlas
921 1625 1008 1685 Herr
1025 1625 1155 1685 Begue¬

172 1670 215 1730 lin
243 1673 325 1733 einen
348 1673 508 1733 Abschnitt
531 1672 624 1732 seiner
641 1673 879 1733 Anmerkungen
913 1672 967 1732 und
996 1673 1155 1733 Beobach¬

166 1721 282 1781 tungen
311 1721 382 1781 über
411 1721 455 1781 die
472 1721 712 1781 prismatischen
740 1721 897 1781 Farben,
920 1723 980 1783 und
1009 1721 1080 1781 über
1109 1723 1153 1783 die

165 1769 323 1829 physische
351 1769 410 1829 und
444 1769 684 1829 metaphysische
717 1766 962 1826 Zergliederung
1002 1769 1061 1829 von
1105 1771 1153 1831 der

181 1815 396 1875 Empfindung
424 1817 472 1877 der
494 1813 613 1873 Farben
641 1811 835 1871 überhaupt.

259 1864 501 1924 Frankfurt
541 1856 580 1916 am
626 1855 761 1915 Mayn,
790 1855 840 1915 vom
880 1854 919 1914 1.
942 1855 1055 1915 April.

222 1909 293 1969 Bey
323 1909 394 1969 Sr.
412 1903 554 1963 Kaiserl.
572 1901 625 1961 und
655 1897 833 1957 Romischen
863 1900 1005 1960 Königl.
1017 1903 1153 1963 Majest.

179 1957 307 2017 Abreise
327 1954 381 2014 von
407 1950 678 2010 Heussenstamm,
703 1948 782 2008 hatte
808 1945 850 2005 sich
875 1945 924 2005 der
950 1945 1035 2005 Herr
1054 1950 1158 2010 Land¬

175 2005 248 2065 graf
265 2004 321 2064 von
345 1996 639 2056 Hessendarmstadt
657 1995 679 2055 in
714 1994 764 2054 dem
799 1993 934 2053 Walde,
958 1993 1002 2053 wo
1026 1993 1070 2053 sich
1099 1995 1144 2055 der

172 2049 320 2109 Kaiserl.
343 2047 414 2107 Hof
442 2043 508 2103 eine
531 2043 768 2103 Viertelstunde
796 2040 983 2100 verweilte,
1011 2040 1149 2100 verdeckt

170 2096 352 2156 gehalten,
383 2091 443 2151 und
487 2091 540 2151 ließ
590 2093 638 2153 sich
669 2094 711 2154 als
743 2091 784 2151 ein
822 2091 1016 2151 74jähriger
1048 2087 1150 2147 Greis

171 2142 259 2202 durch
288 2142 383 2202 zween
417 2142 606 2202 Cavaliers,
624 2141 729 2201 Alters
758 2142 857 2202 wegen
892 2138 980 2198 unter
1015 2136 1065 2196 den
1099 2136 1154 2196 Ar¬

174 2192 264 2252 men,
276 2192 304 2252 in
328 2193 418 2253 seiner
441 2191 577 2251 Kaiserl.
589 2190 719 2250 Uniform
754 2189 810 2249 mit
822 2188 991 2248 entblößtem
1027 2184 1150 2244 Haupte

175 2243 372 2303 vorführen.
419 2240 476 2300 So
500 2240 569 2300 bald
599 2240 668 2300 Se.
686 2237 824 2297 Kaiserl.
842 2237 935 2297 Maj.
953 2231 999 2291 ihn
1034 2231 1155 2291 erblick¬

177 2290 245 2350 ten,
269 2292 397 2352 giengen
426 2289 495 2349 Sie
519 2288 565 2348 ihm
612 2285 704 2345 gleich
739 2286 907 2346 entgegen,
936 2277 1144 2337 embraßirten

172 2339 331 2399 denselben
360 2339 422 2399 und
445 2336 570 2396 führten
600 2333 644 2393 ihn
680 2333 770 2393 unter
805 2333 856 2393 das
891 2333 981 2393 Zelt,
1011 2324 1153 2384 woselbst

184 2387 233 2447 der
256 2390 338 2450 Herr
361 2387 520 2447 Landgraf
543 2384 609 2444 nach
632 2381 736 2441 langen
759 2381 924 2441 Weigern,
941 2376 984 2436 sich
1007 2372 1139 2432 zwischen

182 2435 251 2495 Sr.
275 2435 414 2495 Kaiserl.
432 2435 530 2495 Maj.
554 2431 611 2491 und
635 2429 682 2489 den
711 2429 897 2489 Römischen
926 2425 1048 2485 Könige
1066 2420 1147 2480 setzen

179 2479 236 2539 und
264 2482 396 2542 bedecken
423 2479 561 2539 musten.
615 2476 688 2536 Der
710 2476 821 2536 Kaiser
843 2476 928 2536 sagte
944 2477 975 2537 zu
1003 2469 1050 2529 den
1077 2467 1156 2527 Um¬

178 2527 372 2587 stehenden:
405 2527 513 2587 „Hier
546 2526 610 2586 seht
632 2524 680 2584 ihr
708 2521 826 2581 meinen
859 2524 951 2584 besten
978 2518 1145 2578 Freund!,

171 2575 245 2635 Der
267 2575 427 2635 Landgraf
449 2572 673 2632 beantwortete
695 2569 759 2629 dies
787 2572 845 2632 mit
867 2574 914 2634 dem
953 2568 1080 2628 Wunsch
1103 2563 1150 2623 des

180 2623 255 2683 alten
285 2623 466 2683 Simeons,
492 2620 577 2680 indem
618 2620 668 2680 ihm
709 2617 733 2677 so
754 2620 844 2680 wohl
860 2622 904 2682 als
930 2620 980 2680 den
1011 2614 1141 2674 übrigen

180 2673 280 2733 hohen
307 2667 513 2727 Anwesenden
546 2664 587 2724 die
609 2664 762 2724 Thränen
789 2664 815 2724 in
848 2668 890 2728 die
911 2667 1016 2727 Augen
1038 2661 1154 2721 traten.

171 2721 357 2781 Vorgestern
390 2715 571 2775 Vormittag
600 2714 654 2774 hat
676 2712 725 2772 der
753 2714 928 2774 Churfürst
951 2715 1005 2775 von
1039 2710 1153 2770 Mainz

180 2772 236 2832 bey
259 2771 349 2831 Ihro
373 2765 514 2825 Kaiserl.
532 2763 587 2823 und
611 2761 661 2821 des
685 2760 871 2820 Römischen
906 2763 1030 2823 Königs
1059 2757 1148 2817 Maj.

180 2820 242 2880 und
271 2821 315 2881 dem
356 2817 525 2877 Erzherzog
548 2814 678 2874 Leopold
695 2814 740 2874 die
763 2816 921 2876 feyerliche
939 2809 1148 2869 Aufwartung

1182 1382 1241 1442 und
1268 1384 1512 1444 Glückwünsche
1533 1388 1698 1448 abgelegt,
1719 1390 1791 1450 auch
1818 1393 1963 1453 Mittags
1983 1393 2029 1453 die
2049 1393 2161 1453 beyden

1188 1428 1293 1488 geistl.
1310 1428 1415 1488 Herrn
1442 1431 1648 1491 Churfürsten
1681 1434 1733 1494 von
1765 1436 1860 1496 Trier
1882 1436 1939 1496 und
1961 1437 2045 1497 Cölln
2067 1438 2172 1498 präch¬

1183 1476 1225 1536 tig
1252 1476 1278 1536 im
1315 1476 1511 1536 Compostell
1533 1479 1713 1539 bewirthet.
1771 1482 2004 1542 Nachmittags
2032 1485 2163 1545 machten

1187 1524 1236 1584 die
1259 1525 1519 1585 Nürnbergschen
1547 1530 1740 1590 Deputirten
1768 1528 1834 1588 ihre
1852 1530 2078 1590 unterthänige
2095 1535 2172 1595 Auf¬

1185 1574 1352 1634 wartung,
1376 1577 1433 1637 und
1463 1578 1556 1638 Ihro
1580 1581 1718 1641 Kaiserl.
1742 1581 1799 1641 und
1818 1580 1922 1640 Röm.
1934 1581 2055 1641 Königs
2079 1583 2171 1643 Maj.

1189 1625 1338 1685 geruhten
1366 1625 1409 1685 die
1438 1628 1648 1688 Reichskrone
1676 1628 1703 1688 in
1731 1630 1936 1690 Angenschein
1964 1631 1991 1691 zu
2020 1631 2174 1691 nehmen,

1192 1673 1234 1733 die
1262 1676 1316 1736 auf
1333 1673 1413 1733 einen
1452 1676 1592 1736 Kaiserl.
1620 1679 1821 1739 Jagdwagen
1859 1679 1951 1739 unter
1979 1679 2060 1739 einer
2087 1679 2179 1739 roth¬

1188 1724 1357 1784 sammtnen
1390 1727 1490 1787 Decke
1511 1727 1569 1787 mit
1591 1727 1739 1787 goldenen
1766 1727 1888 1787 Borten
1915 1729 1941 1789 in
1962 1727 2015 1787 das
2037 1730 2174 1790 Kaiserl.

1185 1769 1362 1829 Quartier,
1382 1772 1467 1832 unter
1492 1774 1688 1834 Begleitung
1717 1775 1774 1835 von
1813 1775 1851 1835 16
1885 1775 1990 1835 Mann
2029 1775 2082 1835 von
2121 1775 2168 1835 der

1192 1814 1338 1874 Kaiserl.
1360 1817 1570 1877 Noblegarde
1603 1819 1662 1879 und
1690 1819 1743 1879 der
1771 1821 2036 1881 Nürnbergschen
2069 1824 2176 1884 Kron¬

1182 1861 1292 1921 reuter
1312 1860 1456 1920 geführt,
1476 1863 1533 1923 und
1562 1866 1629 1926 nach
1659 1864 1740 1924 einer
1765 1867 1904 1927 Stunde
1928 1870 1952 1930 in
1986 1867 2039 1927 das
2068 1870 2178 1930 Quar¬

1191 1904 1249 1964 tier
1270 1903 1317 1963 der
1344 1906 1603 1966 Nürnbergschen
1630 1911 1730 1971 Herrn
1762 1914 1958 1974 Deputirten
1985 1918 2042 1978 auf
2059 1918 2169 1978 gleiche

1186 1951 1248 2011 Art
1274 1948 1388 2008 wieder
1410 1951 1685 2011 zurückgebracht.
1711 1957 1841 2017 Gestern
1873 1960 1971 2020 haben
1992 1960 2033 2020 die
2050 1963 2169 2023 Herren

1186 1996 1502 2056 Wahlbothschafter
1528 1996 1642 2056 wieder
1658 2000 1834 2060 Conferenz
1851 2003 2011 2063 gehalten,
2038 2008 2104 2068 auch
2126 2008 2172 2068 der

1186 2043 1361 2103 Churfürst
1388 2040 1440 2100 von
1473 2040 1562 2100 Trier
1589 2041 1647 2101 und
1674 2043 1758 2103 Cölln
1791 2046 1997 2106 Vormittags
2024 2049 2071 2109 bey
2098 2051 2145 2111 dem

1187 2091 1321 2151 Kaiser,
1344 2087 1403 2147 und
1425 2087 1653 2147 Nachmittags
1681 2088 1729 2148 bey
1762 2091 1810 2151 dem
1844 2091 2023 2151 Römischen
2050 2097 2169 2157 König¬

1188 2136 1251 2196 und
1275 2132 1448 2192 Erzherzog
1473 2133 1606 2193 Leopold
1630 2138 1652 2198 in
1682 2139 1861 2199 feyerlicher
1886 2142 2100 2202 Aufwartung
2124 2144 2152 2204 ih

1189 2184 1221 2244 re
1244 2181 1492 2241 Glückwünsche
1515 2187 1669 2247 abgelegt.
1719 2190 1824 2250 Heute
1846 2193 1995 2253 geschieht
2023 2195 2067 2255 ein
2095 2196 2177 2256 glei¬

1188 2230 1251 2290 ches
1275 2229 1332 2289 von
1363 2229 1408 2289 den
1438 2230 1572 2290 übrigen
1601 2237 1799 2297 Churfürstl.
1817 2243 2171 2303 Wahlbothschaftern.

1194 2276 1270 2336 Das
1299 2274 1420 2334 heutige
1448 2280 1569 2340 Dank=
1597 2286 1652 2346 und
1686 2291 1890 2351 Freudenfest
1918 2294 2022 2354 wurde
2051 2294 2161 2354 gestern

1187 2324 1316 2384 Abends
1355 2322 1447 2382 durch
1474 2333 1621 2393 Läutung
1654 2336 1729 2396 aller
1757 2342 1892 2402 Glocken
1931 2339 1990 2399 von
2023 2339 2039 2399 6
2072 2341 2120 2401 bis
2148 2335 2163 2395 7

1194 2370 1262 2430 Uhr
1279 2372 1512 2432 angekündigt.
1558 2383 1631 2443 Der
1648 2387 1773 2447 Anfang
1802 2390 1903 2450 wurde
1927 2390 1961 2450 um
1995 2387 2006 2447 6
2041 2388 2102 2448 Uhr
2120 2390 2176 2450 mit

1193 2418 1256 2478 100
1279 2421 1429 2481 Canonen
1458 2429 1619 2489 gemacht,
1649 2436 1792 2496 Mittags
1822 2436 1879 2496 von
1908 2435 1948 2495 11
1972 2436 2017 2496 bis
2053 2435 2087 2495 12
2116 2436 2173 2496 mit

1187 2466 1266 2526 allen
1301 2469 1430 2529 Glocken
1459 2478 1623 2538 geläutet,
1652 2482 1714 2542 und
1737 2482 1793 2542 100
1828 2483 1947 2543 Stücke
1965 2485 2083 2545 gelöst,
2106 2485 2162 2545 und

1182 2515 1253 2575 eben
1284 2515 1307 2575 so
1331 2517 1396 2577 viel
1421 2522 1468 2582 des
1492 2527 1623 2587 Abends
1647 2530 1682 2590 um
1719 2530 1736 2590 6
1766 2530 1831 2590 Uhr
1850 2530 1903 2590 zum
1945 2530 2093 2590 Beschluß
2118 2533 2165 2593 des

1193 2563 1331 2623 heutigen
1361 2568 1482 2628 Dank=
1512 2575 1569 2635 und
1593 2578 1829 2638 Freudenfestes
1859 2578 2073 2638 abgebrannt.
2097 2578 2165 2638 Die

1185 2611 1388 2671 Deputation
1424 2618 1470 2678 der
1494 2623 1605 2683 Stadt
1629 2626 1744 2686 Aachen
1769 2626 1832 2686 mit
1856 2626 1908 2686 den
1944 2627 2176 2687 Reichs=Jn=

1197 2661 1330 2721 signien,
1353 2663 1393 2723 ist
1406 2665 1492 2725 heute
1516 2673 1724 2733 Vormittags
1748 2673 1811 2733 hier
1835 2673 2014 2733 eingeholt,
2038 2675 2101 2735 auch
2125 2673 2170 2733 die

1195 2707 1253 2767 auf
1272 2706 1318 2766 den
1349 2714 1483 2774 nächsten
1514 2721 1685 2781 Diensttag
1709 2718 1873 2778 angesetzte
1898 2721 2050 2781 Krönung
2075 2718 2162 2778 unter

1199 2757 1409 2817 Trompeten=
1426 2764 1481 2824 und
1509 2769 1742 2829 Paukenschall
1764 2769 1820 2829 auf
1842 2767 1880 2827 21
1909 2769 2030 2829 Plätzen
2064 2766 2086 2826 in
2120 2766 2169 2826 der

1188 2808 1303 2868 Stadt
1333 2811 1419 2871 heute
1437 2820 1587 2880 öffentlich
1617 2820 1814 2880 ausgeruffen
1843 2817 1982 2877 worden.

2098 2861 2170 2921 Re.
