2479 3508
279 373 332 433 von
359 376 443 436 denen
470 372 635 432 Meinigen
662 369 826 429 gemeldet,
853 369 900 429 daß
933 369 1007 429 Ew.
1024 372 1172 432 Excellenz
1194 372 1262 432 nach

280 419 392 479 meiner
418 415 535 475 Abreise
555 413 609 473 aus
629 410 736 470 Mitau
766 410 864 470 erstlich
889 413 972 473 durch
997 412 1075 472 einen
1105 413 1266 473 Secretair

278 458 338 518 und
367 458 464 518 ferner
488 454 553 514 auch
587 455 671 515 durch
704 452 750 512 den
779 455 872 515 Herrn
905 455 1186 515 Oberstlieutenant
1210 455 1261 515 von

286 500 462 560 Schröders
482 497 506 557 in
531 497 644 557 meinem
689 497 875 557 Mitauschen
905 497 1003 557 Hause
1028 497 1091 557 nach
1121 497 1189 557 mich
1214 497 1272 557 fra¬

278 547 327 607 gen
353 542 456 602 laßen,
477 539 531 599 und
556 539 600 599 als
625 539 719 599 meine
744 539 833 599 Leute
854 539 982 599 gewisser
1002 540 1140 600 Ursachen
1171 539 1269 599 halber

283 585 380 645 meine
414 583 531 643 Abreise
555 581 634 641 nicht
658 583 789 643 bekannt
813 580 930 640 machen
973 583 1113 643 wollen,
1147 583 1268 643 sondern

288 627 490 687 vorgegeben,
515 625 564 685 daß
589 625 628 685 ich
648 625 717 685 mich
742 622 899 682 unpäßlich
925 623 1043 683 befände
1073 624 1126 684 und
1162 625 1269 685 dahero

285 670 360 730 nicht
381 670 503 730 sprechen
529 670 625 730 ließe,
651 669 676 729 so
707 667 742 727 ist
768 667 889 727 hierauf
910 667 981 727 Ew.
997 667 1149 727 Excellenz
1175 667 1281 727 geehr¬

289 712 333 772 tes
358 712 519 772 Schreiben
549 711 597 771 vom
633 707 710 767 14ten
741 706 828 766 Febr.
848 708 926 768 nebst
952 709 995 769 der
1020 709 1167 769 Abschrift
1192 709 1270 769 eines

287 754 498 814 Allerhöchsten
528 751 664 811 Kayserl.
680 751 709 811 an
745 748 821 808 Ew.
836 751 987 811 Excellenz
1013 751 1189 811 gerichteten
1214 749 1279 809 Re¬

286 798 391 858 scripti
410 798 429 858 in
458 795 568 855 meinem
606 792 798 852 obgedachten
827 791 922 851 Hause
952 792 1114 852 abgegeben
1143 790 1282 850 worden,

290 840 410 900 welches
431 837 466 897 ich
492 837 561 897 üͤber
588 834 627 894 der
653 834 734 894 Post
749 834 809 894 hier
830 834 850 894 in
881 833 1037 893 Warschau
1073 834 1199 894 erhalten
1230 832 1279 892 ha¬

284 882 338 942 be.
378 880 446 940 Aus
476 878 667 938 obgedachtem
707 876 869 936 Schreiben
904 876 992 936 ersehe
1017 877 1056 937 ich
1086 876 1194 936 zwar,
1224 875 1272 935 daß

289 921 367 981 Ew.
382 919 534 979 Excellenz
554 918 642 978 dafür
662 919 784 979 halten,
814 917 863 977 als
888 918 971 978 wenn
1006 918 1030 978 zu
1065 919 1108 979 der
1129 918 1197 978 Zeit
1222 917 1275 977 wie

286 966 405 1026 sowohl
420 963 501 1023 durch
530 960 573 1020 den
602 962 698 1022 Herrn
722 958 1004 1018 Oberstlieutenant
1019 957 1071 1017 von
1101 960 1273 1020 Schröͤders

289 1006 332 1066 als
356 1004 423 1064 auch
448 1003 529 1063 durch
554 999 640 1059 Dero
665 1001 843 1061 Secretaire
868 999 935 1059 nach
959 999 1027 1059 mich
1051 1001 1186 1061 gefraget
1206 1000 1287 1060 wor¬

288 1046 365 1106 den,
389 1043 427 1103 ich
452 1043 514 1103 noch
539 1043 659 1103 wirklich
683 1043 712 1103 zu
741 1043 842 1103 Hause
862 1040 1015 1100 gewesen,
1045 1043 1102 1103 und
1126 1043 1189 1103 nach
1213 1042 1261 1102 dem

300 1085 458 1145 Vorgeben
496 1085 607 1145 meiner
636 1085 720 1145 Leute
753 1082 831 1142 einer
855 1082 1083 1142 vorgeschützten
1117 1085 1283 1145 Krankheit

295 1130 397 1190 halber
418 1126 486 1186 mich
516 1125 595 1185 nicht
610 1124 732 1184 sprechen
757 1124 835 1184 laßen
866 1124 997 1184 wollen,
1028 1122 1057 1182 es
1087 1123 1115 1183 ist
1136 1124 1204 1184 aber
1224 1124 1283 1184 eine

297 1171 405 1231 gewisse
426 1166 612 1226 Wahrheit,
644 1166 695 1226 daß
727 1166 763 1226 ich
789 1165 908 1225 damals
929 1163 1001 1223 schon
1033 1163 1151 1223 wirklich
1183 1163 1281 1223 hieher

294 1211 363 1271 nach
390 1207 548 1267 Warschau
580 1207 632 1267 auf
649 1204 696 1264 der
718 1207 807 1267 Reise
824 1207 881 1267 und
903 1207 982 1267 nicht
1009 1207 1093 1267 mehr
1120 1207 1140 1267 in
1173 1207 1278 1267 Mitau

301 1255 376 1315 mich
401 1252 546 1312 befunden
572 1249 656 1309 habe.

338 1298 407 1358 Die
423 1297 454 1357 an
482 1297 551 1357 mich
583 1294 758 1354 übersandte
780 1291 929 1351 Abschrift
950 1291 998 1351 von
1036 1291 1083 1351 dem
1126 1288 1291 1348 Allerhöch¬

295 1347 344 1407 sten
379 1339 517 1399 Kayserl.
529 1339 674 1399 Rescript
697 1336 768 1396 habe
798 1336 830 1396 ich
859 1338 936 1398 nicht
953 1336 1025 1396 ohne
1048 1336 1137 1396 große
1160 1334 1293 1394 Bestür¬

294 1388 368 1448 zung
393 1384 526 1444 gelesen,
546 1383 605 1443 und
631 1381 744 1441 daraus
769 1381 907 1441 ersehen,
938 1380 992 1440 daß
1022 1381 1140 1441 jemand
1175 1381 1288 1441 meiner

305 1427 412 1487 Feinde
433 1425 634 1485 Gelegenheit
655 1423 819 1483 gefunden,
830 1424 876 1484 bey
903 1422 984 1482 Ihro
1005 1422 1144 1482 Kayserl.
1160 1425 1293 1485 Majest.

299 1470 369 1530 mich
393 1467 448 1527 sehr
472 1467 537 1527 uͤbel
556 1467 579 1527 zu
608 1465 859 1525 recommendiren
883 1465 939 1525 und
963 1465 1042 1525 durch
1070 1467 1215 1527 einseitige
1234 1464 1289 1524 un¬

305 1511 410 1571 gleiche
430 1509 570 1569 Berichte
591 1509 616 1569 es
641 1507 726 1567 dahin
752 1509 776 1569 zu
802 1508 947 1568 bringen,
973 1509 1018 1569 daß
1044 1507 1118 1567 Ew.
1134 1509 1284 1569 Excellenz

299 1551 350 1611 der
372 1549 485 1609 Befehl
507 1551 641 1611 ertheilet
662 1551 796 1611 worden,
818 1545 895 1605 Ihro
916 1551 1051 1611 Kayserl.
1067 1551 1196 1611 Majest.
1207 1551 1289 1611 große

306 1597 452 1657 Ungnade
473 1594 528 1654 mir
554 1592 772 1652 unverdienter
798 1590 899 1650 Weise
925 1593 1168 1653 anzukündigen.
1229 1587 1284 1647 Ich

309 1638 380 1698 weiß
412 1636 488 1696 zwar
520 1634 581 1694 sehr
607 1634 710 1694 wohl,
736 1634 787 1694 daß
814 1631 896 1691 Ihro
922 1631 1060 1691 Kayserl.
1077 1631 1210 1691 Majest.
1226 1628 1287 1688 sehr

302 1679 397 1739 leichte
427 1676 496 1736 mich
527 1673 582 1733 und
613 1673 656 1733 die
682 1672 841 1732 Meinigen
877 1670 1053 1730 unglücklich
1084 1667 1200 1727 machen
1227 1663 1295 1723 kön¬

307 1718 381 1778 nen,
405 1716 442 1776 ich
470 1715 511 1775 bin
540 1712 605 1772 aber
624 1710 670 1770 des
693 1709 772 1769 festen
801 1706 1014 1766 Vertrauens,
1029 1704 1079 1764 daß
1103 1703 1298 1763 Allerhöchst¬

307 1757 442 1817 dieselben
475 1753 538 1813 nach
561 1748 646 1808 Dero
670 1745 914 1805 Weltbekannten
941 1745 1113 1805 Großmuth
1141 1745 1195 1805 und
1218 1745 1299 1805 Nei¬

309 1799 386 1859 gung
412 1796 459 1856 zur
485 1793 702 1853 Gerechtigkeit
723 1789 821 1849 solches
848 1787 941 1847 wegen
967 1790 1081 1850 meiner
1107 1790 1298 1850 vollkomme¬

303 1840 352 1900 nen
383 1837 526 1897 Unschuld
547 1834 625 1894 nicht
646 1834 715 1894 thun
741 1831 874 1891 werden.
924 1830 989 1890 Ich
1019 1832 1093 1892 habe
1118 1834 1212 1894 weder
1243 1831 1291 1891 das

312 1882 404 1942 Glück
427 1881 481 1941 und
509 1879 552 1939 die
574 1875 651 1935 Ehre
678 1876 705 1936 in
733 1876 814 1936 Jhro
842 1873 978 1933 Kayserl.
995 1879 1131 1939 Majest.
1142 1879 1289 1939 Diensten

309 1932 333 1992 zu
359 1924 480 1984 stehen,
501 1921 567 1981 noch
593 1920 658 1980 auch
684 1915 770 1975 Dero
791 1918 958 1978 Unterthan
984 1918 1009 1978 zu
1035 1924 1126 1984 seyn,
1142 1923 1197 1983 und
1223 1920 1293 1980 wird

309 1969 369 2029 mich
395 1966 460 2026 auch
487 1963 629 2023 niemand
661 1960 833 2020 uͤberfuhren
864 1963 971 2023 koͤnnen
997 1966 1088 2026 wider
1114 1966 1195 2026 Ihro
1216 1963 1297 2023 Kay¬

316 2011 378 2071 serl.
395 2009 547 2069 Majestät
564 2005 621 2065 und
643 2007 727 2067 Dero
759 2008 860 2068 großen
892 2008 1013 2068 Reiches
1040 2011 1187 2071 Interesse
1209 2005 1287 2065 durch

316 2053 443 2113 Reden,
468 2049 665 2109 Schreiben,
690 2049 753 2109 oder
773 2051 827 2111 auf
843 2051 940 2111 irgend
965 2052 1073 2112 andere
1094 2052 1191 2112 Weise
1221 2048 1289 2108 mich

313 2097 480 2157 vergangen
505 2097 534 2157 zu
559 2095 667 2155 haben.
697 2092 775 2152 Was
800 2094 864 2154 aber
884 2094 928 2154 die
948 2094 1214 2154 Angelegenheiten
1239 2091 1288 2151 von

318 2140 444 2200 Curland
471 2139 593 2199 betrift,
615 2139 635 2199 so
662 2136 752 2196 haben
785 2134 858 2194 Ew.
874 2139 1028 2199 Excellenz
1049 2139 1134 2199 selbst
1161 2136 1203 2196 als
1225 2135 1298 2195 Mi=

313 2184 398 2244 nister
418 2183 470 2243 auf
490 2181 653 2241 erhaltenen
682 2175 811 2235 Befehl,
831 2175 913 2235 gegen
942 2178 984 2238 die
1004 2181 1105 2241 beyden
1134 2181 1181 2241 von
1211 2177 1287 2237 Adel

314 2223 417 2283 welche
438 2220 459 2280 in
490 2220 531 2280 dem
573 2217 759 2277 verflossenen
786 2214 904 2274 1763sten
936 2223 1034 2283 Jahre
1066 2223 1112 2283 den
1143 2223 1215 2283 12ten
1242 2218 1298 2278 Fe=

318 2263 436 2323 bruarii
458 2258 511 2318 auf
528 2256 609 2316 Dero
631 2255 803 2315 Verlangen
837 2255 895 2315 aus
923 2264 998 2324 einer
1026 2264 1192 2324 damaligen
1215 2261 1300 2321 Ver¬

315 2304 484 2364 sammlung
512 2297 532 2357 zu
565 2297 670 2357 Ihnen
697 2297 867 2357 abgeschickt
884 2306 1037 2366 gewesen,
1059 2308 1107 2368 die
1124 2306 1293 2366 schriftliche

321 2347 438 2407 Anrede
457 2339 522 2399 oder
546 2339 711 2399 Erklärung
736 2339 936 2399 überreichet,
961 2350 1114 2410 worinnen
1144 2348 1226 2408 unter
1251 2348 1297 2408 an¬

314 2390 373 2450 dern
401 2385 547 2445 enthalten
575 2381 624 2441 ist,
641 2379 689 2439 daß
717 2381 781 2441 nach
809 2383 884 2443 Ihro
912 2390 1042 2450 Kayserl.
1064 2392 1194 2452 Majest.
1211 2392 1298 2452 aller¬

313 2432 481 2492 gnädigster
509 2425 677 2485 Jntention
716 2420 764 2480 die
792 2426 1037 2486 Herzogthümer
1070 2435 1206 2495 Curland
1239 2434 1293 2494 und

322 2473 497 2533 Semgallen
526 2467 567 2527 bey
596 2464 667 2524 ihren
696 2461 857 2521 Rechten,
872 2470 1041 2530 Freyheiten
1077 2476 1133 2536 und
1162 2476 1302 2536 Privile=

322 2518 403 2578 gien,
415 2518 472 2578 wie
491 2512 595 2572 selbige
613 2509 752 2569 tempore
770 2506 986 2566 Subjectionis
1004 2518 1154 2578 gewesen,
1167 2521 1218 2581 und
1242 2521 1305 2581 ein=

323 2563 429 2623 folglich
453 2563 476 2623 in
506 2562 547 2622 dem
589 2558 659 2618 alten
689 2551 854 2611 Lehnsnexu
884 2554 936 2614 mit
955 2560 1066 2620 Pohlen
1102 2566 1231 2626 aufrecht
1256 2565 1302 2625 er=

319 2605 413 2665 halten
443 2605 549 2665 werden
586 2602 691 2662 sollen.
727 2596 833 2656 Wenn
864 2596 928 2656 man
964 2602 1046 2662 dieses
1077 2605 1129 2665 zum
1165 2608 1294 2668 Grunde

323 2646 411 2706 setzet,
424 2645 446 2705 so
471 2645 535 2705 kann
565 2643 582 2703 ja
606 2642 706 2702 solches
724 2639 889 2699 unmöglich
907 2638 947 2698 für
966 2642 1024 2702 eine
1037 2646 1177 2706 strafbare
1190 2649 1295 2709 Hand=

310 2691 379 2751 lung
415 2685 567 2745 angesehen
602 2684 742 2744 werden,
766 2680 818 2740 daß
848 2681 888 2741 ich
918 2682 1000 2742 nebst
1024 2686 1104 2746 vielen
1140 2690 1193 2750 von
1228 2694 1303 2754 Adel

321 2736 372 2796 aus
395 2732 530 2792 Curland
553 2727 609 2787 mit
626 2727 727 2787 unsern
756 2724 863 2784 Klagen
892 2721 981 2781 wegen
1010 2729 1151 2789 erlittener
1168 2733 1297 2793 Gewall

322 2778 375 2838 und
399 2774 529 2834 Unrecht
547 2770 605 2830 uns
624 2768 724 2828 hieher
742 2769 806 2829 nach
831 2764 943 2824 Pohlen
973 2766 1002 2826 an
1026 2771 1126 2831 unsrer
1145 2777 1285 2837 Oberherr

317 2820 406 2880 schaft
425 2816 581 2876 gewendet
601 2812 708 2872 haben.
752 2811 841 2871 Jhro
866 2806 1005 2866 Kayserl.
1017 2813 1144 2873 Majest.
1163 2817 1217 2877 sind
1242 2818 1301 2878 eine

310 2864 401 2924 große
424 2861 475 2921 und
499 2855 663 2915 huldreiche
687 2856 903 2916 Monarchin,
921 2852 1029 2912 welche
1047 2852 1080 2912 ich
1104 2853 1126 2913 in
1155 2857 1194 2917 der
1218 2858 1303 2918 aller=

312 2906 423 2966 tiefsten
448 2903 646 2963 Submission
671 2900 813 2960 verehre,
832 2903 887 2963 und
912 2897 998 2957 dabey
1024 2900 1066 2960 der
1092 2903 1289 2963 zuverläßigen

1308 372 1457 432 Hofnung
1482 373 1565 433 lebe,
1590 373 1644 433 daß
1675 372 1698 432 so
1729 374 1788 434 bald
1819 373 1897 433 Jhro
1927 372 2072 432 Kayserl.
2084 369 2216 429 Majest.
2235 369 2288 429 von

1305 415 1407 475 unsern
1434 413 1661 473 Curländischen
1688 418 1811 478 Rechten
1843 416 1895 476 und
1921 412 2132 472 Privilegien,
2148 410 2205 470 wie
2226 413 2293 473 auch

1305 455 1353 515 von
1382 455 1463 515 denen
1493 455 1540 515 bey
1565 455 1608 515 der
1628 458 1718 518 letzten
1748 455 2085 515 Staatsveranderung
2110 455 2128 515 in
2158 455 2287 515 Curland

1311 497 1526 557 vorgefallenen
1562 498 1737 558 Umständen
1773 502 1854 562 einen
1884 499 1934 559 der
1960 497 2125 557 Wahrheit
2151 497 2291 557 gemäßen

1305 542 1435 602 Bericht
1456 542 1612 602 erhalten,
1638 542 1956 602 Allerhoͤchstdieselben
1992 541 2067 601 keine
2098 539 2214 599 wetere
2240 539 2300 599 Un¬

1311 583 1403 643 anade
1429 583 1517 643 gegen
1554 583 1621 643 mich
1652 585 1863 645 Unschuldigen
1896 584 2019 644 hegen,
2051 583 2169 643 sondern
2211 582 2298 642 solche

1309 627 1453 687 vielmehr
1473 628 1654 688 demjenigen
1683 625 1789 685 werden
1818 627 2005 687 angedeyhen
2028 625 2135 685 laßen,
2150 625 2191 685 der
2211 622 2303 682 zuwi¬

1311 668 1357 728 der
1388 665 1465 725 Ihro
1497 668 1636 728 Kayserl.
1652 667 1786 727 Majest.
1802 670 2045 730 allergnädigster
2066 667 2252 727 Intention,
2273 665 2293 725 so

1314 710 1472 770 vielfaltige
1497 712 1724 772 Gewaltthaten
1760 709 1814 769 und
1844 711 1957 771 Spolia
1988 712 2210 772 committiret,
2230 709 2303 769 viele

1310 751 1356 811 von
1394 751 1497 811 Adel,
1530 753 1637 813 welche
1661 754 1712 814 von
1750 754 1830 814 einem
1868 754 2055 814 regierenden
2088 752 2289 812 Landesherrn

1315 795 1481 855 Contracte
1507 795 1648 855 gehabt,
1689 797 1749 857 und
1780 798 1840 858 also
1871 796 1971 856 bonae
2002 795 2078 855 fidei
2104 795 2295 855 possessores

1322 840 1462 900 gewesen,
1477 841 1684 901 gewaltsamer
1704 841 1799 901 Weise
1821 843 1875 903 aus
1901 841 1976 901 ihrer
1997 840 2152 900 Possession
2178 840 2303 900 gesetzet,

1318 882 1369 942 und
1393 882 1513 942 dadurch
1537 885 1718 945 denenselben
1747 885 1802 945 sehr
1821 885 1923 945 großen
1947 885 2086 945 Schaden
2110 885 2300 945 verursachet,

1314 921 1379 981 auch
1408 926 1482 986 nicht
1501 927 1617 987 minder
1641 926 1706 986 viele
1730 927 1851 987 adeliche
1870 929 2051 989 Officianten
2085 927 2159 987 ohne
2183 927 2304 987 richter¬

1316 964 1384 1024 liche
1405 968 1586 1028 Erkenntniß
1611 969 1670 1029 und
1695 969 1812 1029 Urtheil
1828 969 1881 1029 aus
1906 969 1950 1029 der
1970 969 2127 1029 Possession
2157 969 2230 1029 ihrer
2255 968 2303 1028 ge¬

1317 1003 1420 1063 habten
1448 1010 1683 1070 Landeschargen
1711 1010 1819 1070 gesetzet
1838 1012 1892 1072 und
1915 1011 2114 1071 verdränget,
2146 1010 2200 1070 und
2227 1010 2290 1070 eben

1316 1046 1439 1106 dadurch
1466 1050 1568 1110 unsere
1584 1052 1718 1112 Rechte,
1740 1052 1910 1112 Freyheiten
1946 1055 2002 1115 und
2024 1052 2209 1112 Privilegien
2246 1055 2302 1115 sehr

1315 1088 1475 1148 gekränket
1491 1091 1560 1151 hat.

1365 1129 1452 1189 Nach
1489 1132 1592 1192 unsern
1623 1130 1850 1190 Curländischen
1887 1139 2207 1199 Landesverfassungen
2244 1136 2300 1196 und

1321 1169 1506 1229 Privilegien
1537 1173 1606 1233 kann
1632 1172 1687 1232 kein
1713 1172 1878 1232 Oberrath,
1894 1175 2084 1235 Oberhaupt=
2105 1180 2154 1240 und
2180 1178 2305 1238 Haupt¬

1321 1210 1414 1270 mann
1443 1211 1512 1271 ohne
1531 1213 1647 1273 schwere
1671 1213 1727 1273 und
1751 1215 1881 1275 wichtige
1900 1216 2053 1276 Ursachen,
2072 1219 2128 1279 und
2147 1221 2207 1281 auch
2231 1219 2305 1279 nicht

1322 1252 1398 1312 ohne
1418 1255 1552 1315 gerichtl.
1567 1255 1750 1315 Erkenntniß
1779 1257 1832 1317 und
1856 1255 1976 1315 Urtheil
1996 1256 2043 1316 von
2078 1258 2164 1318 seiner
2179 1261 2308 1321 Landes¬

1323 1297 1421 1357 charge
1442 1297 1595 1357 abgesetzet
1615 1300 1753 1360 werden,
1783 1300 1886 1360 dahero
1912 1300 2005 1360 werde
2025 1300 2059 1360 ich
2085 1300 2144 1360 hier
2164 1300 2188 1360 in
2218 1300 2306 1360 Poh¬

1322 1340 1361 1400 len
1396 1342 1444 1402 von
1479 1345 1567 1405 denen
1597 1345 1680 1405 Hrn.
1705 1345 1793 1405 Hrn.
1813 1342 2029 1402 Senatoribus
2059 1342 2103 1402 als
2142 1342 2299 1402 wirklicher

1324 1387 1576 1447 Landhofmeister
1607 1389 1661 1449 und
1687 1390 1833 1450 Oberrath
1864 1388 2005 1448 erkannt.
2061 1387 2197 1447 Solchem
2233 1387 2298 1447 nach

1324 1431 1458 1491 wünsche
1474 1433 1540 1493 ich,
1561 1428 1613 1488 daß
1645 1428 1716 1488 Ew.
1733 1432 1882 1492 Excellenz
1914 1434 1934 1494 in
1966 1431 2053 1491 Dero
2080 1431 2172 1491 etwan
2209 1430 2307 1490 ferner

1326 1471 1355 1531 an
1385 1473 1453 1533 mich
1478 1473 1694 1533 abzulaßenden
1719 1476 1842 1536 Briefen
1872 1476 1935 1536 mich
1960 1475 2038 1535 nicht
2059 1475 2137 1535 mehr
2162 1476 2235 1536 einen
2265 1471 2309 1531 ge¬

1326 1517 1449 1577 wesenen
1475 1518 1725 1578 Landhofmeister
1746 1518 1889 1578 nennen,
1919 1518 1983 1578 noch
2008 1518 2072 1578 auch
2097 1518 2150 1578 auf
2171 1518 2215 1578 der
2235 1514 2308 1574 Auf¬

1325 1560 1427 1620 schrift
1454 1559 1484 1619 ci
1500 1560 1619 1620 devant
1635 1560 1925 1620 Landhoffmeister
1951 1563 2034 1623 setzen
2071 1563 2210 1623 mögen,
2236 1560 2308 1620 weil

1325 1605 1358 1665 ich
1387 1605 1461 1665 sonst
1484 1605 1564 1665 nicht
1593 1605 1615 1665 im
1650 1606 1781 1666 Stande
1810 1605 1866 1665 seyn
1901 1608 2032 1668 würde,
2050 1608 2095 1668 die
2118 1608 2232 1668 Briefe
2261 1608 2317 1668 an¬

1324 1640 1513 1700 zunehmen.

1371 1676 1490 1736 Endlich
1524 1676 1624 1736 wollen
1658 1678 1733 1738 Ew.
1753 1680 1929 1740 Excellenz,
1959 1682 2011 1742 daß
2040 1682 2073 1742 ich
2102 1684 2149 1744 den
2188 1682 2307 1742 Inhalt

1330 1715 1374 1775 des
1405 1718 1617 1778 Allerhöchsten
1648 1718 1789 1778 Kayserl.
1810 1721 1966 1781 Rescripti
1987 1721 2073 1781 denen
2109 1724 2158 1784 von
2185 1724 2260 1784 Adel
2281 1728 2305 1788 in

1330 1761 1475 1821 Curland,
1496 1763 1597 1823 welche
1618 1763 1673 1823 mit
1689 1763 1744 1823 mir
1764 1763 1885 1823 gleicher
1901 1764 2078 1824 Gesinnung
2099 1766 2174 1826 sind,
2185 1766 2310 1826 bekannt

1328 1805 1439 1865 machen
1462 1808 1529 1868 soll.
1574 1809 1675 1869 Allein
1709 1808 1770 1868 hier
1799 1808 1820 1868 in
1855 1811 2017 1871 Warschau
2046 1811 2118 1871 habe
2141 1811 2179 1871 ich
2214 1813 2308 1873 hierzu

1327 1849 1402 1909 keine
1428 1852 1650 1912 Gelegenheit,
1675 1851 1730 1911 und
1751 1852 1837 1912 wenn
1868 1854 1903 1914 ich
1934 1854 1999 1914 auch
2024 1852 2090 1912 noch
2121 1854 2146 1914 in
2171 1855 2302 1915 Curland

1333 1893 1428 1953 wåre,
1455 1894 1481 1954 so
1508 1896 1614 1956 wurde
1641 1896 1677 1956 ich
1699 1896 1768 1956 mich
1795 1899 1943 1959 dennoch,
1970 1900 2139 1960 erheblicher
2167 1897 2304 1957 Ursachen

1337 1936 1446 1996 halber,
1462 1939 1556 1999 damit
1582 1941 1655 2001 nicht
1676 1939 1791 1999 befassen
1818 1942 1948 2002 koͤnnen.

1392 1985 1451 2045 Ich
1476 1984 1549 2044 habe
1568 1984 1609 2044 die
1629 1984 1706 2044 Ehre
1725 1984 1780 2044 mit
1799 1984 1870 2044 aller
1890 1986 2101 2046 Hochachtung
2126 1984 2150 2044 zu
2181 1981 2235 2041 seyn

1687 2031 1765 2091 Ew.
1784 2031 1940 2091 Excellenz

1365 2070 1553 2130 Warschau,

1808 2112 1995 2172 gehorsamer
2021 2115 2142 2175 Diener

1329 2116 1378 2176 den
1400 2115 1450 2175 19.
1473 2118 1583 2178 März,

1626 2151 1728 2211 Otto
1750 2152 2000 2212 Christopher
2022 2157 2071 2217 von
2093 2157 2136 2217 der
2153 2160 2315 2220 Howen,

1414 2160 1512 2220 1764.

1674 2187 1816 2247 wirklicher
1835 2190 2043 2250 Landhofmeister
2066 2193 2110 2253 und
2129 2195 2275 2255 Oberrath.

1343 2283 1658 2343 Wechsel-Cours
1686 2276 1692 2336 &
1747 2279 1894 2339 Species
1915 2279 1954 2339 d.
1969 2281 2035 2341 13.
2049 2282 2163 2342 April
2184 2282 2304 2342 1764.

1334 2336 1512 2396 Amsterdam
1546 2333 1585 2393 41
1608 2330 1686 2390 Tage
1709 2335 1837 2395 377gr.

1880 2338 1920 2398 71
1938 2331 2024 2391 Tage
2043 2333 2106 2393 375
2130 2333 2181 2393 gr.

1890 2375 1907 2435 6
1939 2378 1994 2438 W.
2014 2379 2074 2439 163
2094 2381 2148 2441 gr.

1337 2384 1503 2444 Hamburg
1533 2381 1616 2441 3W.
1622 2381 1675 2441 164
1705 2382 1758 2442 gr.

1794 2427 1936 2487 Dantzig
1977 2428 1988 2488 3
2011 2426 2062 2486 pr.
2080 2426 2154 2486 Cto.

1334 2432 1468 2492 Berlin.

1336 2477 1473 2537 Ducaten
1501 2471 1580 2531 neue
1600 2470 1640 2530 11
1660 2474 1699 2534 fl.
1706 2478 1778 2538 9gr.

1867 2473 1997 2533 Alberts
2020 2473 2116 2533 Taler
2140 2475 2196 2535 166
2213 2479 2269 2539 gr.

1339 2526 1444 2586 Rubel
1462 2524 1472 2584 4
1495 2524 1522 2584 fl.
1534 2521 1572 2581 21
1590 2518 1645 2578 gr.

1808 2521 1861 2581 Alt
1874 2521 2011 2581 Polnisch
2035 2525 2142 2585 Geld,
2149 2527 2160 2587 0
2179 2527 2226 2587 pr.
2245 2528 2315 2588 Cro.

1340 2573 1391 2633 Alt
1397 2572 1547 2632 Märcksch
1576 2566 1645 2626 Geld
1669 2569 1709 2629 37
1727 2571 1755 2631 p.
1773 2575 1813 2635 C.
1842 2572 2079 2632 Graumansch.
2091 2573 2160 2633 Fusz
2178 2575 2212 2635 10
2235 2575 2264 2635 p.
2276 2575 2316 2635 C.

1388 2652 1486 2712 Diese
1504 2649 1675 2709 Zeitungen
1698 2658 1807 2718 werden
1836 2655 1996 2715 Montags
2019 2658 2073 2718 und
2091 2658 2245 2718 Freytags
2263 2658 2295 2718 um

1340 2706 1371 2766 10
1398 2704 1456 2764 Uhr
1477 2697 1678 2757 Vormittags
1700 2703 1726 2763 im
1769 2704 1970 2764 Kanterschen
1997 2706 2172 2766 Buchladen
2204 2703 2320 2763 ausge=

1339 2756 1448 2816 geben,
1465 2746 1546 2806 allwo
1568 2745 1633 2805 auch
1655 2750 1715 2810 noch
1737 2752 1786 2812 von
1808 2754 1857 2814 den
1880 2752 2010 2812 hiesigen
2032 2754 2113 2814 resp.
2125 2751 2309 2811 Liebhabern

1339 2803 1382 2863 die
1404 2793 1682 2853 Pränumeration
1715 2802 1769 2862 auf
1786 2802 1851 2862 dies
1879 2799 1993 2859 zweyte
2015 2799 2162 2859 Quartal
2185 2799 2238 2859 mit
2255 2799 2265 2859 2
2282 2799 2320 2859 fl.

1339 2845 1566 2905 angenommen
1609 2847 1714 2907 wird,
1747 2847 1958 2907 Auswärtige
1985 2847 2059 2907 aber
2086 2847 2223 2907 belieben
2261 2847 2308 2907 sich

1344 2895 1473 2955 deshalb
1498 2891 1547 2951 bey
1572 2892 1615 2952 dem
1653 2895 1801 2955 Postamt
1820 2894 1906 2954 ihres
1925 2894 2005 2954 Orts
2031 2894 2061 2954 zu
2086 2891 2222 2951 melden.
