2479 3508
460 369 774 429 Regenspurg,
797 372 848 432 den
883 372 945 432 28.
975 372 1094 432 März.

338 421 382 481 An
415 419 459 479 die
480 418 594 478 hiesige
614 416 967 476 Schiffbau=Direction
1006 416 1044 476 ist
1070 416 1121 476 der
1154 414 1282 474 Befehl

281 470 462 530 ergangen,
489 464 542 524 daß
569 463 590 523 so
617 461 681 521 wol
702 461 750 521 die
778 464 872 524 beyde
900 466 969 526 sehr
1001 464 1155 524 kostbaren
1193 464 1283 524 Leib¬

288 515 407 575 schiffe,
429 512 477 572 als
499 511 569 571 auch
597 509 639 569 die
662 510 791 570 übrigen
819 509 856 569 30
884 512 1013 572 Schiffe
1041 512 1089 572 den
1116 512 1154 572 12
1181 512 1278 572 April

293 567 340 627 sich
367 561 536 621 unfehlbar
563 560 584 620 in
616 561 843 621 Donauwerth
870 560 960 620 fertig
982 560 1113 620 befinden
1146 560 1278 620 müssen.

526 607 723 667 Jevern,
744 607 797 667 den
836 606 898 666 29.
926 605 1042 665 März.

342 655 411 715 Aus
439 655 487 715 dem
525 655 585 715 uns
618 655 839 715 benachbarten
872 652 1088 712 Ostfriesland
1121 652 1196 712 wird
1229 651 1277 711 ge¬

287 703 424 763 meldet,
454 705 512 765 daß
547 702 709 762 nächstens
739 702 767 762 zu
803 700 925 760 Emden
960 700 1072 760 wieder
1107 699 1170 759 eine
1196 700 1274 760 neue

288 751 689 811 Handlungscompagnie
715 748 765 808 für
796 745 901 805 China
937 748 1037 808 werde
1068 748 1273 808 aufgerichtet

288 799 432 859 werden.
459 796 526 856 Vor
547 795 665 855 einigen
697 792 831 852 Wochen
858 795 893 855 ist
915 793 966 853 der
992 795 1131 855 Königl.
1148 795 1276 855 Preuß.

293 846 437 906 geheime
458 843 674 903 Finanzrath,
701 841 814 901 Baron
840 840 896 900 von
928 842 1082 902 Haagen,
1109 841 1139 901 zu
1160 840 1268 900 Aurich

287 891 541 951 angekommen,
566 888 623 948 und
652 888 719 948 man
748 888 849 948 macht
869 888 998 948 daselbst
1018 886 1061 946 die
1085 888 1176 948 besten
1205 887 1282 947 Ver¬

293 941 480 1001 fügungen,
500 938 535 998 um
582 936 662 996 einen
698 936 911 996 ansehnlichen
947 933 1104 993 Anwachs
1130 936 1180 996 des
1206 932 1286 992 Ter¬

294 986 380 1046 reins
408 986 494 1046 durch
522 984 564 1044 die
592 984 700 1044 Teiche
723 984 825 1044 längst
858 984 912 1044 den
951 981 1129 1041 Seeküsten
1168 984 1194 1044 zu
1233 977 1281 1037 ge¬

292 1031 450 1091 winnen.

526 1075 724 1135 London,
758 1073 804 1133 den
838 1073 909 1133 27.
933 1070 1052 1130 März.

347 1118 443 1178 Weil
460 1120 481 1180 in
509 1121 557 1181 der
579 1119 702 1179 London
730 1118 951 1178 Eveningpost
979 1115 1070 1175 unter
1092 1118 1140 1178 dem
1184 1113 1270 1173 15ten

291 1172 389 1232 dieses
417 1169 473 1229 und
502 1169 524 1229 in
572 1166 623 1226 dem
665 1160 833 1220 Gazetteer
862 1160 931 1220 oder
960 1160 1086 1220 London
1114 1160 1198 1220 daily
1222 1156 1277 1216 Ad-

296 1218 430 1278 vertizer
462 1215 503 1275 ein
535 1211 659 1271 Artikel
686 1207 862 1267 eingerückt
884 1207 1049 1267 gewesen,
1076 1205 1200 1265 welcher
1232 1204 1278 1264 die

301 1264 422 1324 Person
454 1264 506 1324 des
533 1261 654 1321 Grafen
692 1258 744 1318 von
776 1258 945 1318 Hedfort,
972 1255 1188 1315 Abgesandten
1225 1252 1277 1312 des

293 1317 420 1377 Königs
447 1313 473 1373 in
500 1310 606 1370 Paris
633 1309 856 1369 verläumdet;
888 1309 919 1369 so
952 1306 1010 1366 sind
1043 1305 1090 1365 die
1112 1303 1286 1363 Buchdru¬

293 1363 355 1423 cker
376 1361 469 1421 dieser
496 1360 609 1420 beyden
631 1359 906 1419 Zeitungsblätter
933 1357 1010 1417 jeder
1032 1357 1062 1417 zu
1084 1356 1166 1416 einer
1188 1354 1286 1414 Stra¬

291 1409 322 1469 fe
344 1408 396 1468 von
429 1407 486 1467 100
519 1407 582 1467 Pf.
599 1407 715 1467 Sterl.
737 1405 795 1465 und
817 1404 864 1464 bis
891 1404 943 1464 zur
960 1404 1150 1464 Bezahlung
1178 1402 1283 1462 dersel=

298 1455 353 1515 ben
379 1457 428 1517 ins
454 1452 641 1512 Gefangnis
673 1452 704 1512 zu
729 1452 891 1512 Newgate
923 1452 1117 1512 verurtheilt
1136 1449 1279 1509 worden.
1318 1458 1517 1518 annehmen.
1549 1458 1599 1518 Im
1637 1458 1868 1518 Hauptcomtor
1893 1461 1962 1521 aber
1987 1458 2037 1518 des
2056 1458 2287 1518 Lotterieamtes

301 1502 375 1562 Das
401 1503 612 1563 Ministerium
654 1501 708 1561 hat
729 1499 784 1559 das
810 1500 1041 1560 vermeintliche
1067 1495 1213 1555 Project,
1239 1497 1283 1557 die

296 1549 450 1609 Freyheit
472 1548 523 1608 der
544 1546 652 1606 Presse
673 1548 760 1608 durch
787 1545 833 1605 die
860 1546 1040 1606 Bestellung
1077 1545 1159 1605 eines
1185 1542 1288 1602 Ober¬

298 1599 421 1659 censors
453 1596 738 1656 einzuschränken,
764 1593 903 1653 gänzlich
935 1593 1048 1653 fahren
1085 1590 1198 1650 laßen,
1225 1590 1281 1650 und

295 1643 364 1703 man
393 1643 463 1703 hält
482 1640 528 1700 die
548 1638 646 1698 ganze
670 1634 777 1694 Sache
802 1634 848 1694 für
872 1634 937 1694 eine
961 1634 1050 1694 bloße
1074 1631 1284 1691 Erdichtung.

300 1686 373 1746 Die
393 1685 506 1745 hiesige
531 1680 767 1740 Bürgerschaft
792 1676 826 1736 ist
856 1675 924 1735 sehr
954 1675 1185 1735 unzufrieden,
1215 1670 1288 1730 weil

301 1730 356 1790 das
382 1727 573 1787 Parlement
594 1723 640 1783 die
666 1721 690 1781 im
726 1721 893 1781 Vorschlag
919 1721 1075 1781 gebrachte
1096 1718 1197 1778 19000
1228 1718 1283 1778 Pf.

303 1778 425 1838 Sterl.
436 1775 489 1835 zur
516 1772 717 1832 Vollendung
744 1769 792 1829 der
814 1769 956 1829 Londner
978 1772 1105 1832 Brücke
1127 1768 1206 1828 nicht
1233 1765 1286 1825 hat

296 1822 489 1882 verwilligen
520 1819 648 1879 wollen.
674 1819 745 1879 Der
771 1819 985 1879 Commodore
1001 1819 1189 1879 Arbuthnot
1205 1817 1281 1877 wird

302 1873 351 1933 die
369 1871 379 1931 6
413 1870 541 1930 Schiffe
564 1870 613 1930 von
653 1871 703 1931 der
731 1870 814 1930 Linie
843 1870 903 1930 und
937 1870 948 1930 2
977 1870 1138 1930 Fregatten
1172 1867 1288 1927 anfüh¬

291 1923 376 1983 ren,
398 1921 505 1981 welche
537 1921 585 1981 der
618 1918 719 1978 König
751 1918 805 1978 der
832 1917 1040 1977 Ostindischen
1078 1915 1286 1975 Compagnie

303 1972 531 2032 zugestanden,
559 1969 606 2029 die
628 1966 680 2026 von
707 1963 792 2023 ihrer
819 1963 919 2023 Seite
941 1963 972 2023 28
1005 1963 1126 2023 Schiffe
1154 1963 1286 2023 bestellt.

300 2014 369 2074 Die
389 2020 656 2080 Bedingungen,
686 2014 774 2074 unter
800 2011 922 2071 welchen
953 2014 1002 2074 der
1027 2011 1101 2071 Lord
1126 2008 1214 2068 Clive
1235 2011 1278 2071 die

301 2068 439 2128 Aufsicht
471 2067 545 2127 über
577 2064 619 2124 die
651 2061 933 2121 Angelegenheiten
970 2060 1017 2120 der
1045 2055 1272 2115 Bengalischen

306 2115 511 2175 Gesellschaft
532 2112 738 2172 übernimmt,
764 2108 848 2168 sollen
884 2108 974 2168 unter
995 2106 1105 2166 andern
1136 2103 1181 2163 die
1201 2103 1286 2163 Aus¬

306 2163 440 2223 zahlung
466 2161 541 2221 aller
561 2159 787 2219 rückständigen
822 2154 1012 2214 Summen,
1033 2154 1093 2214 und
1118 2152 1158 2212 ein
1189 2151 1283 2211 Equi¬

308 2208 417 2268 valent
439 2205 553 2265 anstatt
574 2205 624 2265 der
645 2199 810 2259 jährlichen
841 2202 941 2262 Zinsen
972 2202 1001 2262 am
1038 2202 1148 2262 baaren
1184 2199 1283 2259 Geld¬

308 2252 483 2312 betreffen;
530 2246 627 2306 beyde
664 2244 793 2304 Artikel
825 2247 994 2307 zusammen
1046 2249 1118 2309 aber
1144 2246 1195 2306 sich
1227 2246 1283 2306 auf

309 2300 447 2360 420000
481 2294 542 2354 Pf.
565 2291 675 2351 Sterl.
693 2291 853 2351 belaufen.
904 2294 975 2354 Der
1004 2297 1098 2357 Graf
1126 2294 1181 2354 von
1209 2293 1275 2353 Car

309 2347 401 2407 digan
429 2341 467 2401 ist
484 2339 544 2399 mit
566 2339 658 2399 seinen
686 2337 877 2397 Ansprüchen
900 2344 954 2404 auf
976 2345 1019 2405 die
1036 2343 1135 2403 Jnsel
1146 2342 1282 2402 Vincent

304 2393 493 2453 abgewiesen
521 2384 667 2444 worden.
717 2381 793 2441 Der
815 2387 962 2447 Vicomte
984 2390 1038 2450 von
1071 2390 1277 2450 Townshend

308 2441 389 2501 starb
416 2438 464 2498 den
492 2437 583 2497 12ten
611 2432 702 2492 dieses
730 2429 778 2489 auf
800 2432 891 2492 seiner
914 2439 1070 2499 Rückreise
1092 2437 1145 2497 von
1173 2437 1286 2497 Bath;

309 2488 424 2548 Georg
453 2485 601 2545 Vicomte
624 2476 789 2536 Malpas,
818 2479 934 2539 altester
962 2485 1055 2545 Sohn
1089 2485 1133 2545 des
1156 2484 1277 2544 Grafen

307 2537 366 2597 von
404 2533 637 2593 Cholmondely
670 2524 820 2584 verschied
848 2525 901 2585 den
934 2529 1021 2589 16ten
1054 2533 1150 2593 dieses
1183 2533 1210 2593 in
1237 2532 1291 2592 sei¬

310 2584 363 2644 nem
405 2582 529 2642 Hause,
560 2580 618 2640 und
642 2574 749 2634 Tages
779 2572 891 2632 darauf
922 2572 969 2632 der
993 2575 1081 2635 Graf
1106 2579 1165 2639 von
1195 2581 1289 2641 Mac=

304 2630 449 2690 clesfied,
477 2627 656 2687 Präsident
679 2624 724 2684 der
747 2619 886 2679 Königl.
910 2623 1082 2683 Societät,
1117 2626 1206 2686 dessen
1240 2625 1295 2685 Ti=

309 2679 356 2739 tel
380 2678 439 2738 und
475 2673 588 2733 Gütet
612 2673 712 2733 seinen
749 2666 873 2726 ältesten
909 2663 1009 2723 Sohn
1046 2669 1092 2729 dem
1140 2673 1288 2733 Vicomte

303 2727 430 2787 Parkes
466 2721 640 2781 zugefallen
676 2721 757 2781 sind.
827 2712 909 2772 Der
939 2712 1048 2772 Ritter
1078 2719 1183 2779 d'Eon
1224 2720 1276 2780 von

310 2773 534 2833 Beaumont,
576 2766 752 2826 gewesener
794 2760 1006 2820 französischer
1042 2766 1195 2826 Minister
1225 2766 1283 2826 hat

306 2829 392 2889 einem
430 2823 521 2883 dicken
548 2820 751 2880 Quartanten
782 2815 857 2875 aller
876 2811 1005 2871 Briefen
1037 2813 1092 2873 und
1118 2817 1277 2877 Urkunden

1308 372 1366 432 von
1404 372 1499 432 seinen
1526 376 1987 436 Unterhandlungsgeschäften
2020 374 2290 434 herausgegeben.

1310 419 1397 479 Man
1429 419 1505 479 weiß
1537 419 1609 479 aber
1640 422 1722 482 nicht
1764 422 1825 482 wie
1862 422 1913 482 der
1950 419 2022 479 Hof
2048 419 2078 479 zu
2110 420 2285 480 Versailles

1307 464 1385 524 diese
1426 467 1727 527 Gemeinmachung
1773 473 1874 533 seiner
1921 470 2289 530 Cabinetsgeheimnisse

1312 515 1506 575 aufnehmen
1541 515 1638 575 wird.

1499 562 1570 622 Aus
1596 566 1799 626 Italien,
1825 568 1877 628 den
1911 566 1968 626 17.
1995 566 2118 626 März.

1371 604 1410 664 Jn
1439 610 1654 670 Betrachtung
1683 610 1728 670 der
1751 613 1949 673 drängenden
1972 614 2096 674 Zeiten,
2108 611 2215 671 welche
2239 609 2294 669 bis¬

1305 655 1358 715 her
1385 657 1444 717 alle
1466 658 1577 718 Theile
1599 658 1647 718 des
1668 659 1903 719 Kirchenstaats
1930 661 1956 721 in
1978 659 2213 719 Verlegenheit
2235 658 2288 718 und

1306 700 1501 760 Verwirrng
1529 706 1648 766 gesetzt,
1671 704 1725 764 hat
1742 706 1790 766 der
1819 707 1921 767 Pabst
1949 708 1992 768 ein
2020 709 2183 769 Jubiläum
2233 705 2297 765 ver¬

1313 751 1431 811 künden
1457 748 1565 808 laßen,
1581 751 1631 811 das
1658 751 1688 811 zu
1720 754 1786 814 Rom
1828 756 1873 816 den
1905 754 1992 814 11ten
2029 754 2121 814 dieses
2152 754 2203 814 den
2229 754 2296 814 An¬

1315 799 1386 859 fang
1413 798 1541 858 nehmen
1568 798 1624 858 und
1650 801 1727 861 allda
1758 801 1789 861 14
1821 801 1908 861 Tage
1934 801 2068 861 dauren,
2089 801 2156 861 auch
2182 802 2207 862 in
2234 801 2285 861 den

1309 846 1422 906 andern
1457 845 1604 905 Städten
1640 846 1699 906 und
1724 847 1856 907 Oertern
1896 847 1945 907 des
1981 846 2217 906 Kirchenstaats
2247 845 2295 905 ge¬

1313 891 1413 951 feyert
1434 891 1551 951 werden
1582 891 1673 951 wird.
1734 894 1805 954 Se.
1831 896 2009 956 Heiligkeit
2035 894 2207 954 empfehlen
2243 893 2293 953 den

1316 939 1499 999 Gläubigen
1532 939 1596 999 eine
1613 942 1797 1002 dreytägige
1819 942 1932 1002 strenge
1959 942 2062 1002 Fasten
2090 942 2175 1002 nebst
2198 942 2273 1002 einem

1313 984 1535 1044 verdoppelten
1562 988 1659 1048 Eyfer
1681 990 1732 1050 zum
1774 990 1897 1050 Gebet.

1614 1121 1993 1181 AVERTISSEMENT.

1366 1162 1442 1222 Dem
1478 1166 1619 1226 Publico
1643 1166 1720 1226 wird
1744 1171 1879 1231 bekannt
1898 1175 2051 1235 gemacht,
2069 1175 2115 1235 daß
2139 1175 2181 1235 die
2199 1175 2304 1235 zwey¬

1305 1210 1337 1270 te
1365 1213 1511 1273 Ziehung
1550 1213 1604 1273 der
1632 1213 1773 1273 Königl.
1795 1216 1930 1276 Preuß.
1958 1219 2094 1279 Lotterie
2127 1222 2284 1282 künftigen

1315 1261 1521 1321 Sonnabend
1553 1261 1594 1321 als
1615 1261 1646 1321 am
1682 1261 1770 1321 21ten
1791 1261 1889 1321 April
1905 1264 2102 1324 Vormittags
2128 1267 2164 1327 um
2195 1267 2205 1327 9
2231 1267 2293 1327 Uhr

1315 1312 1369 1372 auf
1392 1309 1440 1369 dem
1479 1311 1505 1371 im
1544 1310 1772 1370 Schloßplatze
1794 1312 1990 1372 befindlichen
2018 1312 2164 1372 Balcon,
2186 1312 2300 1372 gesche¬

1554 1360 1624 1420 Die
1651 1360 1770 1420 Herren
1809 1360 2009 1420 Einnehmer
2042 1360 2134 1420 dieser
2168 1359 2297 1419 Lotterie

1317 1360 1368 1420 hen
1410 1363 1508 1423 wird.

1315 1409 1436 1469 werden
1464 1409 1511 1469 bis
1538 1410 1584 1470 den
1617 1410 1706 1470 20ten
1739 1410 1834 1470 April
1850 1410 2057 1470 Vormittags
2084 1407 2130 1467 die
2157 1404 2295 1464 Einsätze

1315 1504 1387 1564 aufm
1428 1506 1614 1566 Roßgarten
1640 1507 1758 1567 werden
1784 1508 1872 1568 solche
1893 1506 1934 1566 bis
1960 1506 1996 1566 um
2033 1506 2063 1566 10
2084 1506 2145 1566 Uhr
2167 1506 2290 1566 Abends

1317 1551 1369 1611 des
1398 1552 1570 1612 bemeldten
1605 1551 1690 1611 20ten
1730 1554 1839 1614 Aprils
1869 1554 2098 1614 angenommen
2137 1554 2276 1614 werden.

1371 1653 1442 1713 Bey
1476 1657 1525 1717 dem
1570 1658 1725 1718 Verleger
1759 1661 1853 1721 dieser
1881 1664 2014 1724 Zeitung
2048 1665 2086 1725 ist
2109 1667 2141 1727 zu
2175 1670 2302 1730 haben:

1314 1700 1447 1760 Smellie
1477 1700 1519 1760 G.
1548 1703 1692 1763 Tabulae
1726 1706 1951 1766 anatomicae,
1975 1709 2027 1769 cum
2076 1709 2171 1769 brevi
2196 1711 2229 1771 de
2248 1711 2296 1771 ar-

1323 1751 1349 1811 te
1376 1751 1556 1811 obstetricia
1588 1751 1816 1811 institutione,
1843 1754 1900 1814 aus
1932 1754 1980 1814 dem
2028 1753 2133 1813 Engl.
2155 1760 2303 1820 übersetzt

1322 1800 1379 1860 von
1409 1800 1460 1860 D.
1478 1802 1530 1862 G.
1548 1802 1582 1862 L.
1600 1803 1716 1863 Huth,
1734 1805 1791 1865 mit
1815 1805 1919 1865 Kupf.
1937 1805 1983 1865 gr.
2001 1805 2075 1865 Fol.
2093 1806 2116 1866 in
2146 1808 2226 1868 Form
2268 1811 2307 1871 ei=

1317 1849 1374 1909 nes
1398 1851 1514 1911 Atlas,
1538 1852 1683 1912 Nürnb.
1701 1853 1794 1913 758,
1818 1853 1858 1913 60
1883 1855 1923 1915 fl.
1964 1849 2209 1909 Ebendesselben
2244 1858 2307 1918 Ab=

1320 1900 1484 1960 handlung
1513 1900 1563 1960 von
1593 1900 1643 1960 der
1667 1902 1984 1962 Hebammenkunst,
2002 1902 2053 1962 8,
2076 1897 2206 1957 Altenb.
2224 1905 2302 1965 755.

1323 1948 1333 2008 2
1365 1948 1397 2008 fl.
1413 1950 1428 2010 9
1455 1948 1502 2008 gr.
1551 1946 1683 2006 Ebend.
1699 1951 1906 2011 Sammlung
1933 1948 2112 2008 besonderer
2129 1947 2213 2007 Fälle
2235 1950 2292 2010 und

1329 1996 1566 2056 Anmerkungen
1594 1996 1616 2056 in
1645 1997 1694 2057 der
1717 1999 2026 2059 Hebammenkunst,
2038 1996 2070 2056 8,
2088 1996 2131 2056 ib.
2143 1996 2225 2056 763,
2237 1996 2247 2056 3
2270 1999 2303 2059 fl.

1325 2041 1568 2101 Blutmedicin,
1590 2041 1658 2101 nach
1685 2041 1732 2101 der
1755 2043 1801 2103 die
1823 2046 2030 2106 Gesundheit
2051 2043 2109 2103 und
2131 2043 2305 2103 Krankheit

1320 2091 1376 2151 aus
1403 2088 1454 2148 dem
1491 2090 1625 2150 Umlauf
1646 2087 1702 2147 und
1734 2089 1780 2149 der
1801 2094 1987 2154 Reinigung
2014 2093 2060 2153 des
2081 2094 2184 2154 Bluts
2205 2094 2303 2154 erklä¬

1324 2133 1374 2193 ret
1392 2133 1487 2193 wird,
1510 2135 1549 2195 8,
1572 2134 1674 2194 Görl.
1692 2135 1776 2195 763,
1799 2138 1838 2198 24
1861 2139 1911 2199 gr.
1957 2139 2076 2199 Stief,
2099 2141 2178 2201 Carl
2195 2143 2302 2203 Benj.

1325 2184 1530 2244 Sammlung
1568 2179 1615 2239 der
1648 2181 1922 2241 Jubelschriften,
1949 2184 2002 2244 zum
2045 2187 2208 2247 Andenken
2245 2192 2292 2252 des

1325 2231 1511 2291 50jährigen
1546 2226 1825 2286 Amtsjubelfestes
1860 2229 1913 2289 des
1942 2230 2035 2290 Hrn.
2058 2234 2151 2294 Joh.
2175 2237 2302 2297 Friedr.

1333 2276 1464 2336 Burgs,
1483 2276 1518 2336 4,
1531 2273 1633 2333 Berl.
1646 2275 1724 2335 764,
1742 2276 1778 2336 4.
1791 2276 1820 2336 fl.
1833 2276 1916 2336 Hgr.
1959 2276 2067 2336 Göze,
2080 2279 2121 2339 J.
2140 2279 2200 2339 M.
2218 2282 2302 2342 Aus¬

1326 2325 1399 2385 züge
1422 2321 1518 2381 seiner
1541 2318 1710 2378 Predigten
1739 2324 1794 2384 vom
1835 2323 1924 2383 Jahr
1947 2321 2048 2381 1763,
2066 2323 2116 2383 gr.
2128 2327 2161 2387 8,
2173 2327 2297 2387 Hamb.

1325 2375 1342 2435 4
1372 2372 1407 2432 fl.
1455 2365 1621 2425 Poetische
1651 2369 1793 2429 Einfälle
1823 2372 1875 2432 von
1918 2369 1959 2429 A.
1977 2369 2012 2429 L.
2036 2372 2208 2432 Karschin,
2244 2379 2302 2439 1ste

1331 2417 1557 2477 Sammlung,
1574 2414 1657 2474 764,
1668 2418 1706 2478 8,
1724 2422 1822 2482 Berl.
1840 2420 1850 2480 1
1867 2420 1900 2480 fl.
1923 2420 1999 2480 Der
2011 2420 2104 2480 Arzt,
2122 2423 2182 2483 eine
2204 2427 2303 2487 medi¬

1329 2466 1452 2526 cinische
1472 2460 1727 2520 Wochenschrift,
1741 2467 1825 2527 10ter
1845 2468 1956 2528 Theil,
1969 2467 2001 2527 8,
2008 2468 2132 2528 Hamb.
2146 2473 2223 2533 764,
2237 2477 2249 2537 3
2270 2483 2301 2543 fl.

1366 2578 1471 2638 Diese
1489 2576 1656 2636 Zeitungen
1679 2584 1795 2644 werden
1818 2583 1980 2643 Montags
2003 2586 2058 2646 und
2075 2590 2225 2650 Freytags
2248 2590 2276 2650 um

1323 2629 1354 2689 10
1380 2629 1442 2689 Uhr
1463 2623 1665 2683 Vormittags
1686 2629 1712 2689 im
1754 2631 1955 2691 Kanterschen
1977 2636 2158 2696 Buchladen
2184 2638 2303 2698 ausge=

1323 2676 1444 2736 geben,
1455 2671 1539 2731 allwo
1555 2670 1623 2730 auch
1640 2676 1702 2736 noch
1724 2679 1771 2739 von
1798 2679 1844 2739 den
1866 2679 1992 2739 hiesigen
2014 2682 2092 2742 resp.
2103 2685 2287 2745 Liebhabern

1323 2724 1368 2784 die
1394 2718 1668 2778 Pränumeration
1699 2726 1754 2786 auf
1775 2727 1836 2787 dies
1867 2727 1978 2787 zweyte
1999 2733 2146 2793 Quartal
2167 2730 2227 2790 mit
2238 2730 2247 2790 2
2268 2731 2303 2791 fl.

1323 2767 1554 2827 angenommen
1596 2772 1701 2832 wird,
1732 2775 1944 2835 Auswärtige
1975 2778 2045 2838 aber
2072 2778 2207 2838 belieben
2243 2778 2288 2838 sich

1328 2819 1459 2879 deshalb
1490 2814 1543 2874 bey
1574 2819 1622 2879 dem
1659 2823 1809 2883 Postamt
1828 2823 1911 2883 ihres
1936 2826 2014 2886 Orts
2051 2826 2080 2886 zu
2111 2826 2249 2886 melden.
