<?xml version="1.0" encoding="UTF-8" standalone="yes"?>
<PcGts xmlns="http://schema.primaresearch.org/PAGE/gts/pagecontent/2013-07-15" xmlns:xsi="http://www.w3.org/2001/XMLSchema-instance" xsi:schemaLocation="http://schema.primaresearch.org/PAGE/gts/pagecontent/2013-07-15 http://schema.primaresearch.org/PAGE/gts/pagecontent/2013-07-15/pagecontent.xsd">
    <Metadata>
        <Creator>prov=READ-COOP:name=PyLaia@TranskribusPlatform:version=2.12.1:model_id=39995:lm=none:date=03_04_2024_20:26</Creator>
        <Created>2024-03-20T22:55:20.604+01:00</Created>
        <LastChange>2024-04-03T20:26:52.590Z</LastChange>
        <TranskribusMetadata docId="1889194" pageId="66909317" pageNr="2" tsid="156899776" status="IN_PROGRESS" userId="222699" imgUrl="https://files.transkribus.eu/Get?id=BXRANMEVZBLYPGTXUGBCUIRH&amp;fileType=view" xmlUrl="https://files.transkribus.eu/Get?id=EVXDJRXYXFRIZOQVQHRXKGKG" imageId="53564093"/>
    </Metadata>
    <Page imageFilename="66909317.jpg" imageWidth="2479" imageHeight="3508">
        <ReadingOrder>
            <OrderedGroup id="ro_1712176012591" caption="Regions reading order">
                <RegionRefIndexed index="0" regionRef="r_10"/>
                <RegionRefIndexed index="1" regionRef="r_11"/>
            </OrderedGroup>
        </ReadingOrder>
        <Relations/>
        <TextRegion id="r_10" custom="readingOrder {index:0;}">
            <Coords points="298,350 1315,350 1315,2754 298,2754"/>
            <TextLine id="r_10_tl_1" custom="readingOrder {index:0;}">
                <Coords points="290,403 2316,421 2316,318 290,335"/>
                <Baseline points="304,394 322,391 367,394 412,397 456,397 501,397 546,394 591,394 635,394 680,391 725,394 770,391 815,394 859,388 904,391 949,391 994,391 1038,391 1083,391 1128,388 1173,391 1218,391 1262,391 1307,388 1328,391 1373,391 1418,391 1462,391 1507,391 1552,394 1597,391 1642,394 1686,394 1731,394 1776,394 1821,394 1865,397 1910,397 1955,397 2000,397 2045,397 2089,397 2134,397 2179,397 2224,400 2269,400 2313,400 2319,403"/>
                <Word id="r_10_tl_1_w1" custom="readingOrder {index:0;}">
                    <Coords points="299,354 299,414 461,414 461,354"/>
                    <TextEquiv>
                        <Unicode>Gellert,</Unicode>
                    </TextEquiv>
                </Word>
                <Word id="r_10_tl_1_w2" custom="readingOrder {index:1;}">
                    <Coords points="482,354 482,414 657,414 657,354"/>
                    <TextEquiv>
                        <Unicode>Rabener,</Unicode>
                    </TextEquiv>
                </Word>
                <Word id="r_10_tl_1_w3" custom="readingOrder {index:2;}">
                    <Coords points="684,351 684,411 847,411 847,351"/>
                    <TextEquiv>
                        <Unicode>Cramer,</Unicode>
                    </TextEquiv>
                </Word>
                <Word id="r_10_tl_1_w4" custom="readingOrder {index:3;}">
                    <Coords points="867,351 867,411 1030,411 1030,351"/>
                    <TextEquiv>
                        <Unicode>Schlegel</Unicode>
                    </TextEquiv>
                </Word>
                <Word id="r_10_tl_1_w5" custom="readingOrder {index:4;}">
                    <Coords points="1050,351 1050,411 1109,411 1109,351"/>
                    <TextEquiv>
                        <Unicode>und</Unicode>
                    </TextEquiv>
                </Word>
                <Word id="r_10_tl_1_w6" custom="readingOrder {index:5;}">
                    <Coords points="1142,351 1142,411 1285,411 1285,351"/>
                    <TextEquiv>
                        <Unicode>Giesecke</Unicode>
                    </TextEquiv>
                </Word>
                <Word id="r_10_tl_1_w7" custom="readingOrder {index:6;}">
                    <Coords points="1325,351 1325,411 1389,411 1389,351"/>
                    <TextEquiv>
                        <Unicode>chen</Unicode>
                    </TextEquiv>
                </Word>
                <Word id="r_10_tl_1_w8" custom="readingOrder {index:7;}">
                    <Coords points="1423,351 1423,411 1508,411 1508,351"/>
                    <TextEquiv>
                        <Unicode>einer</Unicode>
                    </TextEquiv>
                </Word>
                <Word id="r_10_tl_1_w9" custom="readingOrder {index:8;}">
                    <Coords points="1521,351 1521,411 1658,411 1658,351"/>
                    <TextEquiv>
                        <Unicode>gewißen</Unicode>
                    </TextEquiv>
                </Word>
                <Word id="r_10_tl_1_w10" custom="readingOrder {index:9;}">
                    <Coords points="1685,354 1685,414 1795,414 1795,354"/>
                    <TextEquiv>
                        <Unicode>Muse,</Unicode>
                    </TextEquiv>
                </Word>
                <Word id="r_10_tl_1_w11" custom="readingOrder {index:10;}">
                    <Coords points="1815,355 1815,415 1866,415 1866,355"/>
                    <TextEquiv>
                        <Unicode>von</Unicode>
                    </TextEquiv>
                </Word>
                <Word id="r_10_tl_1_w12" custom="readingOrder {index:11;}">
                    <Coords points="1893,357 1893,417 1978,417 1978,357"/>
                    <TextEquiv>
                        <Unicode>einem</Unicode>
                    </TextEquiv>
                </Word>
                <Word id="r_10_tl_1_w13" custom="readingOrder {index:12;}">
                    <Coords points="2018,357 2018,417 2148,417 2148,357"/>
                    <TextEquiv>
                        <Unicode>gewißen</Unicode>
                    </TextEquiv>
                </Word>
                <Word id="r_10_tl_1_w14" custom="readingOrder {index:13;}">
                    <Coords points="2175,360 2175,420 2317,420 2317,360"/>
                    <TextEquiv>
                        <Unicode>Saph¬</Unicode>
                    </TextEquiv>
                </Word>
                <TextEquiv>
                    <Unicode>Gellert, Rabener, Cramer, Schlegel und Giesecke chen einer gewißen Muse, von einem gewißen Saph¬</Unicode>
                </TextEquiv>
            </TextLine>
            <TextLine id="r_10_tl_2" custom="readingOrder {index:1;}">
                <Coords points="290,456 1295,449 1295,401 1242,396 290,398"/>
                <Baseline points="304,441 307,441 352,444 397,441 441,441 486,441 531,441 576,441 620,438 665,438 710,435 755,435 800,438 844,438 889,438 934,435 979,438 1024,438 1068,438 1113,438 1158,438 1203,438 1227,444 1253,441 1298,441"/>
                <Word id="r_10_tl_2_w1" custom="readingOrder {index:0;}">
                    <Coords points="296,402 296,462 360,462 360,402"/>
                    <TextEquiv>
                        <Unicode>mit</Unicode>
                    </TextEquiv>
                </Word>
                <Word id="r_10_tl_2_w2" custom="readingOrder {index:1;}">
                    <Coords points="383,401 383,461 469,461 469,401"/>
                    <TextEquiv>
                        <Unicode>ihrem</Unicode>
                    </TextEquiv>
                </Word>
                <Word id="r_10_tl_2_w3" custom="readingOrder {index:2;}">
                    <Coords points="513,399 513,459 682,459 682,399"/>
                    <TextEquiv>
                        <Unicode>Umgange</Unicode>
                    </TextEquiv>
                </Word>
                <Word id="r_10_tl_2_w4" custom="readingOrder {index:3;}">
                    <Coords points="715,395 715,455 769,455 769,395"/>
                    <TextEquiv>
                        <Unicode>und</Unicode>
                    </TextEquiv>
                </Word>
                <Word id="r_10_tl_2_w5" custom="readingOrder {index:4;}">
                    <Coords points="797,398 797,458 884,458 884,398"/>
                    <TextEquiv>
                        <Unicode>ihrer</Unicode>
                    </TextEquiv>
                </Word>
                <Word id="r_10_tl_2_w6" custom="readingOrder {index:5;}">
                    <Coords points="912,398 912,458 1156,458 1156,398"/>
                    <TextEquiv>
                        <Unicode>Freundschaft.</Unicode>
                    </TextEquiv>
                </Word>
                <Word id="r_10_tl_2_w7" custom="readingOrder {index:6;}">
                    <Coords points="1228,401 1228,461 1281,461 1281,401"/>
                    <TextEquiv>
                        <Unicode>In</Unicode>
                    </TextEquiv>
                </Word>
                <TextEquiv>
                    <Unicode>mit ihrem Umgange und ihrer Freundschaft. In</Unicode>
                </TextEquiv>
            </TextLine>
            <TextLine id="r_10_tl_3" custom="readingOrder {index:2;}">
                <Coords points="292,491 1293,496 1293,451 1184,441 292,459"/>
                <Baseline points="307,489 313,489 358,489 403,489 447,486 492,489 537,486 582,486 626,486 671,486 716,483 761,483 806,486 850,486 895,483 940,486 985,486 1030,486 1074,483 1119,483 1164,486 1209,486 1253,486 1298,483"/>
                <Word id="r_10_tl_3_w1" custom="readingOrder {index:0;}">
                    <Coords points="297,447 297,507 555,507 555,447"/>
                    <TextEquiv>
                        <Unicode>Braunschweig</Unicode>
                    </TextEquiv>
                </Word>
                <Word id="r_10_tl_3_w2" custom="readingOrder {index:1;}">
                    <Coords points="591,446 591,506 687,506 687,446"/>
                    <TextEquiv>
                        <Unicode>lernte</Unicode>
                    </TextEquiv>
                </Word>
                <Word id="r_10_tl_3_w3" custom="readingOrder {index:2;}">
                    <Coords points="718,443 718,503 748,503 748,443"/>
                    <TextEquiv>
                        <Unicode>er</Unicode>
                    </TextEquiv>
                </Word>
                <Word id="r_10_tl_3_w4" custom="readingOrder {index:3;}">
                    <Coords points="779,446 779,506 865,506 865,446"/>
                    <TextEquiv>
                        <Unicode>einen</Unicode>
                    </TextEquiv>
                </Word>
                <Word id="r_10_tl_3_w5" custom="readingOrder {index:4;}">
                    <Coords points="896,446 896,506 1068,506 1068,446"/>
                    <TextEquiv>
                        <Unicode>Gärtner,</Unicode>
                    </TextEquiv>
                </Word>
                <Word id="r_10_tl_3_w6" custom="readingOrder {index:5;}">
                    <Coords points="1099,445 1099,505 1205,505 1205,445"/>
                    <TextEquiv>
                        <Unicode>Ebert</Unicode>
                    </TextEquiv>
                </Word>
                <Word id="r_10_tl_3_w7" custom="readingOrder {index:6;}">
                    <Coords points="1226,445 1226,505 1286,505 1286,445"/>
                    <TextEquiv>
                        <Unicode>und</Unicode>
                    </TextEquiv>
                </Word>
                <TextEquiv>
                    <Unicode>Braunschweig lernte er einen Gärtner, Ebert und</Unicode>
                </TextEquiv>
            </TextLine>
            <TextLine id="r_10_tl_4" custom="readingOrder {index:3;}">
                <Coords points="292,549 1285,544 1285,496 292,491"/>
                <Baseline points="307,540 352,540 397,537 441,537 486,534 531,534 576,534 620,534 665,531 710,534 755,531 800,534 844,534 889,534 934,534 979,534 1024,534 1068,534 1113,534 1158,534 1203,534 1247,534 1292,531"/>
                <Word id="r_10_tl_4_w1" custom="readingOrder {index:0;}">
                    <Coords points="297,498 297,558 451,558 451,498"/>
                    <TextEquiv>
                        <Unicode>Zachariä</Unicode>
                    </TextEquiv>
                </Word>
                <Word id="r_10_tl_4_w2" custom="readingOrder {index:1;}">
                    <Coords points="479,494 479,554 611,554 611,494"/>
                    <TextEquiv>
                        <Unicode>kennen.</Unicode>
                    </TextEquiv>
                </Word>
                <Word id="r_10_tl_4_w3" custom="readingOrder {index:2;}">
                    <Coords points="660,493 660,553 750,553 750,493"/>
                    <TextEquiv>
                        <Unicode>Doch</Unicode>
                    </TextEquiv>
                </Word>
                <Word id="r_10_tl_4_w4" custom="readingOrder {index:3;}">
                    <Coords points="782,494 782,554 824,554 824,494"/>
                    <TextEquiv>
                        <Unicode>die</Unicode>
                    </TextEquiv>
                </Word>
                <Word id="r_10_tl_4_w5" custom="readingOrder {index:4;}">
                    <Coords points="846,494 846,554 899,554 899,494"/>
                    <TextEquiv>
                        <Unicode>gar</Unicode>
                    </TextEquiv>
                </Word>
                <Word id="r_10_tl_4_w6" custom="readingOrder {index:5;}">
                    <Coords points="921,494 921,554 952,554 952,494"/>
                    <TextEquiv>
                        <Unicode>zu</Unicode>
                    </TextEquiv>
                </Word>
                <Word id="r_10_tl_4_w7" custom="readingOrder {index:6;}">
                    <Coords points="985,494 985,554 1064,554 1064,494"/>
                    <TextEquiv>
                        <Unicode>viele</Unicode>
                    </TextEquiv>
                </Word>
                <Word id="r_10_tl_4_w8" custom="readingOrder {index:7;}">
                    <Coords points="1081,494 1081,554 1208,554 1208,494"/>
                    <TextEquiv>
                        <Unicode>Arbeit,</Unicode>
                    </TextEquiv>
                </Word>
                <Word id="r_10_tl_4_w9" custom="readingOrder {index:8;}">
                    <Coords points="1225,493 1225,553 1283,553 1283,493"/>
                    <TextEquiv>
                        <Unicode>und</Unicode>
                    </TextEquiv>
                </Word>
                <TextEquiv>
                    <Unicode>Zachariä kennen. Doch die gar zu viele Arbeit, und</Unicode>
                </TextEquiv>
            </TextLine>
            <TextLine id="r_10_tl_5" custom="readingOrder {index:4;}">
                <Coords points="290,595 1295,597 1273,542 290,544"/>
                <Baseline points="304,582 313,582 358,585 403,582 447,585 492,582 537,579 582,582 626,579 671,579 716,582 761,582 806,582 850,582 895,582 940,582 985,582 1030,582 1074,582 1119,582 1164,579 1209,582 1253,579 1298,579"/>
                <Word id="r_10_tl_5_w1" custom="readingOrder {index:0;}">
                    <Coords points="301,543 301,603 358,603 358,543"/>
                    <TextEquiv>
                        <Unicode>das</Unicode>
                    </TextEquiv>
                </Word>
                <Word id="r_10_tl_5_w2" custom="readingOrder {index:1;}">
                    <Coords points="386,544 386,604 512,604 512,544"/>
                    <TextEquiv>
                        <Unicode>geringe</Unicode>
                    </TextEquiv>
                </Word>
                <Word id="r_10_tl_5_w3" custom="readingOrder {index:2;}">
                    <Coords points="539,539 539,599 751,599 751,539"/>
                    <TextEquiv>
                        <Unicode>Auskommen</Unicode>
                    </TextEquiv>
                </Word>
                <Word id="r_10_tl_5_w4" custom="readingOrder {index:3;}">
                    <Coords points="778,542 778,602 953,602 953,542"/>
                    <TextEquiv>
                        <Unicode>verzehrten</Unicode>
                    </TextEquiv>
                </Word>
                <Word id="r_10_tl_5_w5" custom="readingOrder {index:4;}">
                    <Coords points="986,542 986,602 1059,602 1059,542"/>
                    <TextEquiv>
                        <Unicode>seine</Unicode>
                    </TextEquiv>
                </Word>
                <Word id="r_10_tl_5_w6" custom="readingOrder {index:5;}">
                    <Coords points="1087,539 1087,599 1218,599 1218,539"/>
                    <TextEquiv>
                        <Unicode>Kräfte.</Unicode>
                    </TextEquiv>
                </Word>
                <Word id="r_10_tl_5_w7" custom="readingOrder {index:6;}">
                    <Coords points="1240,539 1240,599 1287,599 1287,539"/>
                    <TextEquiv>
                        <Unicode>Er</Unicode>
                    </TextEquiv>
                </Word>
                <TextEquiv>
                    <Unicode>das geringe Auskommen verzehrten seine Kräfte. Er</Unicode>
                </TextEquiv>
            </TextLine>
            <TextLine id="r_10_tl_6" custom="readingOrder {index:5;}">
                <Coords points="305,645 1293,640 1293,595 1225,582 305,595"/>
                <Baseline points="319,632 358,632 403,629 447,629 492,629 537,632 582,629 626,632 671,632 716,632 761,629 806,632 850,632 895,629 940,629 985,629 1030,629 1074,629 1119,629 1164,629 1209,629 1253,629 1298,629"/>
                <Word id="r_10_tl_6_w1" custom="readingOrder {index:0;}">
                    <Coords points="311,592 311,652 386,652 386,592"/>
                    <TextEquiv>
                        <Unicode>starb</Unicode>
                    </TextEquiv>
                </Word>
                <Word id="r_10_tl_6_w2" custom="readingOrder {index:1;}">
                    <Coords points="413,589 413,649 446,649 446,589"/>
                    <TextEquiv>
                        <Unicode>an</Unicode>
                    </TextEquiv>
                </Word>
                <Word id="r_10_tl_6_w3" custom="readingOrder {index:2;}">
                    <Coords points="473,590 473,650 553,650 553,590"/>
                    <TextEquiv>
                        <Unicode>einer</Unicode>
                    </TextEquiv>
                </Word>
                <Word id="r_10_tl_6_w4" custom="readingOrder {index:3;}">
                    <Coords points="576,592 576,652 684,652 684,592"/>
                    <TextEquiv>
                        <Unicode>Hectic</Unicode>
                    </TextEquiv>
                </Word>
                <Word id="r_10_tl_6_w5" custom="readingOrder {index:4;}">
                    <Coords points="706,591 706,651 733,651 733,591"/>
                    <TextEquiv>
                        <Unicode>zu</Unicode>
                    </TextEquiv>
                </Word>
                <Word id="r_10_tl_6_w6" custom="readingOrder {index:5;}">
                    <Coords points="760,592 760,652 928,652 928,592"/>
                    <TextEquiv>
                        <Unicode>Hamburg</Unicode>
                    </TextEquiv>
                </Word>
                <Word id="r_10_tl_6_w7" custom="readingOrder {index:6;}">
                    <Coords points="961,589 961,649 1042,649 1042,589"/>
                    <TextEquiv>
                        <Unicode>1750</Unicode>
                    </TextEquiv>
                </Word>
                <Word id="r_10_tl_6_w8" custom="readingOrder {index:7;}">
                    <Coords points="1075,589 1075,649 1117,649 1117,589"/>
                    <TextEquiv>
                        <Unicode>den</Unicode>
                    </TextEquiv>
                </Word>
                <Word id="r_10_tl_6_w9" custom="readingOrder {index:8;}">
                    <Coords points="1145,589 1145,649 1182,649 1182,589"/>
                    <TextEquiv>
                        <Unicode>23</Unicode>
                    </TextEquiv>
                </Word>
                <Word id="r_10_tl_6_w10" custom="readingOrder {index:9;}">
                    <Coords points="1210,589 1210,649 1290,649 1290,589"/>
                    <TextEquiv>
                        <Unicode>Aug.</Unicode>
                    </TextEquiv>
                </Word>
                <TextEquiv>
                    <Unicode>starb an einer Hectic zu Hamburg 1750 den 23 Aug.</Unicode>
                </TextEquiv>
            </TextLine>
            <TextLine id="r_10_tl_7" custom="readingOrder {index:6;}">
                <Coords points="297,696 1293,688 1293,640 1237,635 297,653"/>
                <Baseline points="310,677 313,680 358,680 403,680 447,680 492,680 537,677 582,677 626,677 671,677 716,680 761,677 806,677 850,674 895,677 940,677 985,677 1030,677 1074,677 1119,677 1164,677 1209,677 1253,674 1298,674"/>
                <Word id="r_10_tl_7_w1" custom="readingOrder {index:0;}">
                    <Coords points="302,640 302,700 327,700 327,640"/>
                    <TextEquiv>
                        <Unicode>in</Unicode>
                    </TextEquiv>
                </Word>
                <Word id="r_10_tl_7_w2" custom="readingOrder {index:1;}">
                    <Coords points="359,640 359,700 405,700 405,640"/>
                    <TextEquiv>
                        <Unicode>dem</Unicode>
                    </TextEquiv>
                </Word>
                <Word id="r_10_tl_7_w3" custom="readingOrder {index:2;}">
                    <Coords points="452,639 452,699 535,699 535,639"/>
                    <TextEquiv>
                        <Unicode>Alter</Unicode>
                    </TextEquiv>
                </Word>
                <Word id="r_10_tl_7_w4" custom="readingOrder {index:3;}">
                    <Coords points="556,637 556,697 607,697 607,637"/>
                    <TextEquiv>
                        <Unicode>des</Unicode>
                    </TextEquiv>
                </Word>
                <Word id="r_10_tl_7_w5" custom="readingOrder {index:4;}">
                    <Coords points="634,639 634,699 825,699 825,639"/>
                    <TextEquiv>
                        <Unicode>Günthers.</Unicode>
                    </TextEquiv>
                </Word>
                <Word id="r_10_tl_7_w6" custom="readingOrder {index:5;}">
                    <Coords points="877,637 877,697 965,697 965,637"/>
                    <TextEquiv>
                        <Unicode>Sein</Unicode>
                    </TextEquiv>
                </Word>
                <Word id="r_10_tl_7_w7" custom="readingOrder {index:6;}">
                    <Coords points="991,637 991,697 1286,697 1286,637"/>
                    <TextEquiv>
                        <Unicode>liebenswürdiger</Unicode>
                    </TextEquiv>
                </Word>
                <TextEquiv>
                    <Unicode>in dem Alter des Günthers. Sein liebenswürdiger</Unicode>
                </TextEquiv>
            </TextLine>
            <TextLine id="r_10_tl_8" custom="readingOrder {index:7;}">
                <Coords points="300,736 1247,743 1285,741 1288,685 302,690"/>
                <Baseline points="313,728 352,728 397,728 441,728 486,725 531,728 576,728 620,725 665,725 710,725 755,725 800,725 844,722 889,725 934,725 979,722 1024,725 1068,725 1113,725 1158,725 1203,722 1247,722 1292,722"/>
                <Word id="r_10_tl_8_w1" custom="readingOrder {index:0;}">
                    <Coords points="306,688 306,748 484,748 484,688"/>
                    <TextEquiv>
                        <Unicode>Character</Unicode>
                    </TextEquiv>
                </Word>
                <Word id="r_10_tl_8_w2" custom="readingOrder {index:1;}">
                    <Coords points="500,688 500,748 603,748 603,688"/>
                    <TextEquiv>
                        <Unicode>macht</Unicode>
                    </TextEquiv>
                </Word>
                <Word id="r_10_tl_8_w3" custom="readingOrder {index:2;}">
                    <Coords points="619,685 619,745 668,745 668,685"/>
                    <TextEquiv>
                        <Unicode>ihn</Unicode>
                    </TextEquiv>
                </Word>
                <Word id="r_10_tl_8_w4" custom="readingOrder {index:3;}">
                    <Coords points="696,684 696,744 933,744 933,684"/>
                    <TextEquiv>
                        <Unicode>unvergeßlich.</Unicode>
                    </TextEquiv>
                </Word>
                <Word id="r_10_tl_8_w5" custom="readingOrder {index:4;}">
                    <Coords points="983,684 983,744 1058,744 1058,684"/>
                    <TextEquiv>
                        <Unicode>Wir</Unicode>
                    </TextEquiv>
                </Word>
                <Word id="r_10_tl_8_w6" custom="readingOrder {index:5;}">
                    <Coords points="1091,685 1091,745 1183,745 1183,685"/>
                    <TextEquiv>
                        <Unicode>haben</Unicode>
                    </TextEquiv>
                </Word>
                <Word id="r_10_tl_8_w7" custom="readingOrder {index:6;}">
                    <Coords points="1221,682 1221,742 1269,742 1269,682"/>
                    <TextEquiv>
                        <Unicode>ihm</Unicode>
                    </TextEquiv>
                </Word>
                <TextEquiv>
                    <Unicode>Character macht ihn unvergeßlich. Wir haben ihm</Unicode>
                </TextEquiv>
            </TextLine>
            <TextLine id="r_10_tl_9" custom="readingOrder {index:8;}">
                <Coords points="292,781 1285,779 1260,731 292,738"/>
                <Baseline points="307,776 352,776 397,776 441,776 486,773 531,773 576,776 620,773 665,773 710,773 755,773 800,770 844,770 889,770 934,770 979,770 1024,770 1068,770 1113,773 1158,773 1203,770 1247,770 1292,770"/>
                <Word id="r_10_tl_9_w1" custom="readingOrder {index:0;}">
                    <Coords points="302,736 302,796 353,796 353,736"/>
                    <TextEquiv>
                        <Unicode>die</Unicode>
                    </TextEquiv>
                </Word>
                <Word id="r_10_tl_9_w2" custom="readingOrder {index:1;}">
                    <Coords points="379,733 379,793 595,793 595,733"/>
                    <TextEquiv>
                        <Unicode>Uebersetzung</Unicode>
                    </TextEquiv>
                </Word>
                <Word id="r_10_tl_9_w3" custom="readingOrder {index:2;}">
                    <Coords points="621,733 621,793 672,793 672,733"/>
                    <TextEquiv>
                        <Unicode>der</Unicode>
                    </TextEquiv>
                </Word>
                <Word id="r_10_tl_9_w4" custom="readingOrder {index:3;}">
                    <Coords points="693,731 693,791 857,791 857,731"/>
                    <TextEquiv>
                        <Unicode>Lustspiele</Unicode>
                    </TextEquiv>
                </Word>
                <Word id="r_10_tl_9_w5" custom="readingOrder {index:4;}">
                    <Coords points="878,730 878,790 929,790 929,730"/>
                    <TextEquiv>
                        <Unicode>des</Unicode>
                    </TextEquiv>
                </Word>
                <Word id="r_10_tl_9_w6" custom="readingOrder {index:5;}">
                    <Coords points="955,730 955,790 1134,790 1134,730"/>
                    <TextEquiv>
                        <Unicode>Marivaux</Unicode>
                    </TextEquiv>
                </Word>
                <Word id="r_10_tl_9_w7" custom="readingOrder {index:6;}">
                    <Coords points="1161,731 1161,791 1186,791 1186,731"/>
                    <TextEquiv>
                        <Unicode>zu</Unicode>
                    </TextEquiv>
                </Word>
                <Word id="r_10_tl_9_w8" custom="readingOrder {index:7;}">
                    <Coords points="1223,730 1223,790 1273,790 1273,730"/>
                    <TextEquiv>
                        <Unicode>ver</Unicode>
                    </TextEquiv>
                </Word>
                <TextEquiv>
                    <Unicode>die Uebersetzung der Lustspiele des Marivaux zu ver</Unicode>
                </TextEquiv>
            </TextLine>
            <TextLine id="r_10_tl_10" custom="readingOrder {index:9;}">
                <Coords points="297,834 1290,829 1293,779 1217,774 300,789"/>
                <Baseline points="310,821 313,824 358,824 403,824 447,824 492,821 537,824 582,821 626,818 671,815 716,818 761,818 806,821 850,821 895,818 940,818 985,818 1030,818 1074,821 1119,821 1164,821 1209,818 1253,818 1298,818"/>
                <Word id="r_10_tl_10_w1" custom="readingOrder {index:0;}">
                    <Coords points="302,784 302,844 441,844 441,784"/>
                    <TextEquiv>
                        <Unicode>danken.</Unicode>
                    </TextEquiv>
                </Word>
                <Word id="r_10_tl_10_w2" custom="readingOrder {index:1;}">
                    <Coords points="488,782 488,842 540,842 540,782"/>
                    <TextEquiv>
                        <Unicode>In</Unicode>
                    </TextEquiv>
                </Word>
                <Word id="r_10_tl_10_w3" custom="readingOrder {index:2;}">
                    <Coords points="566,778 566,838 659,838 659,778"/>
                    <TextEquiv>
                        <Unicode>dieser</Unicode>
                    </TextEquiv>
                </Word>
                <Word id="r_10_tl_10_w4" custom="readingOrder {index:3;}">
                    <Coords points="690,780 690,840 892,840 892,780"/>
                    <TextEquiv>
                        <Unicode>Sammlung</Unicode>
                    </TextEquiv>
                </Word>
                <Word id="r_10_tl_10_w5" custom="readingOrder {index:4;}">
                    <Coords points="924,778 924,838 1094,838 1094,778"/>
                    <TextEquiv>
                        <Unicode>erscheinen</Unicode>
                    </TextEquiv>
                </Word>
                <Word id="r_10_tl_10_w6" custom="readingOrder {index:5;}">
                    <Coords points="1126,781 1126,841 1161,841 1161,781"/>
                    <TextEquiv>
                        <Unicode>45</Unicode>
                    </TextEquiv>
                </Word>
                <Word id="r_10_tl_10_w7" custom="readingOrder {index:6;}">
                    <Coords points="1193,778 1193,838 1291,838 1291,778"/>
                    <TextEquiv>
                        <Unicode>poeti¬</Unicode>
                    </TextEquiv>
                </Word>
                <TextEquiv>
                    <Unicode>danken. In dieser Sammlung erscheinen 45 poeti¬</Unicode>
                </TextEquiv>
            </TextLine>
            <TextLine id="r_10_tl_11" custom="readingOrder {index:10;}">
                <Coords points="305,892 1298,879 1298,827 305,834"/>
                <Baseline points="319,871 364,871 409,871 453,868 498,868 543,868 588,865 632,865 677,865 722,862 767,865 812,865 856,865 901,865 946,865 991,865 1035,868 1080,865 1125,865 1170,868 1215,865 1259,865 1304,865"/>
                <Word id="r_10_tl_11_w1" custom="readingOrder {index:0;}">
                    <Coords points="305,831 305,891 366,891 366,831"/>
                    <TextEquiv>
                        <Unicode>sche</Unicode>
                    </TextEquiv>
                </Word>
                <Word id="r_10_tl_11_w2" custom="readingOrder {index:1;}">
                    <Coords points="393,830 393,890 450,890 450,830"/>
                    <TextEquiv>
                        <Unicode>und</Unicode>
                    </TextEquiv>
                </Word>
                <Word id="r_10_tl_11_w3" custom="readingOrder {index:2;}">
                    <Coords points="481,828 481,888 522,888 522,828"/>
                    <TextEquiv>
                        <Unicode>14</Unicode>
                    </TextEquiv>
                </Word>
                <Word id="r_10_tl_11_w4" custom="readingOrder {index:3;}">
                    <Coords points="554,825 554,885 766,885 766,825"/>
                    <TextEquiv>
                        <Unicode>theatralische</Unicode>
                    </TextEquiv>
                </Word>
                <Word id="r_10_tl_11_w5" custom="readingOrder {index:4;}">
                    <Coords points="798,825 798,885 995,885 995,825"/>
                    <TextEquiv>
                        <Unicode>Schriften,</Unicode>
                    </TextEquiv>
                </Word>
                <Word id="r_10_tl_11_w6" custom="readingOrder {index:5;}">
                    <Coords points="1016,825 1016,885 1182,885 1182,825"/>
                    <TextEquiv>
                        <Unicode>worunter</Unicode>
                    </TextEquiv>
                </Word>
                <Word id="r_10_tl_11_w7" custom="readingOrder {index:6;}">
                    <Coords points="1203,825 1203,885 1218,885 1218,825"/>
                    <TextEquiv>
                        <Unicode>9</Unicode>
                    </TextEquiv>
                </Word>
                <Word id="r_10_tl_11_w8" custom="readingOrder {index:7;}">
                    <Coords points="1245,825 1245,885 1301,885 1301,825"/>
                    <TextEquiv>
                        <Unicode>po¬</Unicode>
                    </TextEquiv>
                </Word>
                <TextEquiv>
                    <Unicode>sche und 14 theatralische Schriften, worunter 9 po¬</Unicode>
                </TextEquiv>
            </TextLine>
            <TextLine id="r_10_tl_12" custom="readingOrder {index:11;}">
                <Coords points="300,930 1285,925 1285,877 1230,869 300,892"/>
                <Baseline points="313,919 352,919 397,913 441,913 486,913 531,913 576,910 620,910 665,910 710,910 755,910 800,913 844,913 889,913 934,913 979,910 1024,913 1068,916 1113,913 1158,913 1203,913 1247,913 1292,913"/>
                <Word id="r_10_tl_12_w1" custom="readingOrder {index:0;}">
                    <Coords points="306,878 306,938 413,938 413,878"/>
                    <TextEquiv>
                        <Unicode>etische</Unicode>
                    </TextEquiv>
                </Word>
                <Word id="r_10_tl_12_w2" custom="readingOrder {index:1;}">
                    <Coords points="430,873 430,933 591,933 591,873"/>
                    <TextEquiv>
                        <Unicode>Vorspiele</Unicode>
                    </TextEquiv>
                </Word>
                <Word id="r_10_tl_12_w3" custom="readingOrder {index:2;}">
                    <Coords points="614,870 614,930 694,930 694,870"/>
                    <TextEquiv>
                        <Unicode>sind.</Unicode>
                    </TextEquiv>
                </Word>
                <Word id="r_10_tl_12_w4" custom="readingOrder {index:3;}">
                    <Coords points="743,871 743,931 813,931 813,871"/>
                    <TextEquiv>
                        <Unicode>Der</Unicode>
                    </TextEquiv>
                </Word>
                <Word id="r_10_tl_12_w5" custom="readingOrder {index:4;}">
                    <Coords points="835,873 835,933 997,933 997,873"/>
                    <TextEquiv>
                        <Unicode>glückliche</Unicode>
                    </TextEquiv>
                </Word>
                <Word id="r_10_tl_12_w6" custom="readingOrder {index:5;}">
                    <Coords points="1014,873 1014,933 1288,933 1288,873"/>
                    <TextEquiv>
                        <Unicode>Banqverotirer,</Unicode>
                    </TextEquiv>
                </Word>
                <TextEquiv>
                    <Unicode>etische Vorspiele sind. Der glückliche Banqverotirer,</Unicode>
                </TextEquiv>
            </TextLine>
            <TextLine id="r_10_tl_13" custom="readingOrder {index:12;}">
                <Coords points="302,973 1288,978 1257,920 302,932"/>
                <Baseline points="316,964 355,964 400,961 444,961 489,961 534,958 579,958 623,958 668,958 713,958 758,961 803,961 847,961 892,958 937,961 982,961 1027,961 1071,964 1116,961 1161,961 1206,961 1250,958 1295,955"/>
                <Word id="r_10_tl_13_w1" custom="readingOrder {index:0;}">
                    <Coords points="307,924 307,984 353,984 353,924"/>
                    <TextEquiv>
                        <Unicode>ein</Unicode>
                    </TextEquiv>
                </Word>
                <Word id="r_10_tl_13_w2" custom="readingOrder {index:1;}">
                    <Coords points="379,921 379,981 559,981 559,921"/>
                    <TextEquiv>
                        <Unicode>Fragment</Unicode>
                    </TextEquiv>
                </Word>
                <Word id="r_10_tl_13_w3" custom="readingOrder {index:2;}">
                    <Coords points="580,918 580,978 636,978 636,918"/>
                    <TextEquiv>
                        <Unicode>von</Unicode>
                    </TextEquiv>
                </Word>
                <Word id="r_10_tl_13_w4" custom="readingOrder {index:3;}">
                    <Coords points="668,918 668,978 750,978 750,918"/>
                    <TextEquiv>
                        <Unicode>einem</Unicode>
                    </TextEquiv>
                </Word>
                <Word id="r_10_tl_13_w5" custom="readingOrder {index:4;}">
                    <Coords points="792,918 792,978 982,978 982,918"/>
                    <TextEquiv>
                        <Unicode>Lustspiele,</Unicode>
                    </TextEquiv>
                </Word>
                <Word id="r_10_tl_13_w6" custom="readingOrder {index:5;}">
                    <Coords points="1013,923 1013,983 1116,983 1116,923"/>
                    <TextEquiv>
                        <Unicode>macht</Unicode>
                    </TextEquiv>
                </Word>
                <Word id="r_10_tl_13_w7" custom="readingOrder {index:6;}">
                    <Coords points="1142,921 1142,981 1193,981 1193,921"/>
                    <TextEquiv>
                        <Unicode>den</Unicode>
                    </TextEquiv>
                </Word>
                <Word id="r_10_tl_13_w8" custom="readingOrder {index:7;}">
                    <Coords points="1220,917 1220,977 1291,977 1291,917"/>
                    <TextEquiv>
                        <Unicode>Be¬</Unicode>
                    </TextEquiv>
                </Word>
                <TextEquiv>
                    <Unicode>ein Fragment von einem Lustspiele, macht den Be¬</Unicode>
                </TextEquiv>
            </TextLine>
            <TextLine id="r_10_tl_14" custom="readingOrder {index:13;}">
                <Coords points="302,1026 1295,1023 1295,978 1215,965 302,973"/>
                <Baseline points="316,1012 358,1009 403,1009 447,1009 492,1006 537,1006 582,1006 626,1006 671,1006 716,1006 761,1006 806,1009 850,1009 895,1006 940,1006 985,1006 1030,1006 1074,1009 1119,1009 1164,1006 1209,1006 1253,1006 1298,1003"/>
                <Word id="r_10_tl_14_w1" custom="readingOrder {index:0;}">
                    <Coords points="308,969 308,1029 426,1029 426,969"/>
                    <TextEquiv>
                        <Unicode>schluß.</Unicode>
                    </TextEquiv>
                </Word>
                <Word id="r_10_tl_14_w2" custom="readingOrder {index:1;}">
                    <Coords points="470,966 470,1026 556,1026 556,966"/>
                    <TextEquiv>
                        <Unicode>Wer</Unicode>
                    </TextEquiv>
                </Word>
                <Word id="r_10_tl_14_w3" custom="readingOrder {index:2;}">
                    <Coords points="583,966 583,1026 643,1026 643,966"/>
                    <TextEquiv>
                        <Unicode>die</Unicode>
                    </TextEquiv>
                </Word>
                <Word id="r_10_tl_14_w4" custom="readingOrder {index:3;}">
                    <Coords points="676,968 676,1028 935,1028 935,968"/>
                    <TextEquiv>
                        <Unicode>Candidaten</Unicode>
                    </TextEquiv>
                </Word>
                <Word id="r_10_tl_14_w5" custom="readingOrder {index:4;}">
                    <Coords points="979,966 979,1026 1044,1026 1044,966"/>
                    <TextEquiv>
                        <Unicode>und</Unicode>
                    </TextEquiv>
                </Word>
                <Word id="r_10_tl_14_w6" custom="readingOrder {index:5;}">
                    <Coords points="1082,969 1082,1029 1146,1029 1146,969"/>
                    <TextEquiv>
                        <Unicode>den</Unicode>
                    </TextEquiv>
                </Word>
                <Word id="r_10_tl_14_w7" custom="readingOrder {index:6;}">
                    <Coords points="1185,966 1185,1026 1292,1026 1292,966"/>
                    <TextEquiv>
                        <Unicode>blin¬</Unicode>
                    </TextEquiv>
                </Word>
                <TextEquiv>
                    <Unicode>schluß. Wer die Candidaten und den blin¬</Unicode>
                </TextEquiv>
            </TextLine>
            <TextLine id="r_10_tl_15" custom="readingOrder {index:14;}">
                <Coords points="292,1066 1293,1066 1293,1021 1174,1005 292,1028"/>
                <Baseline points="307,1056 313,1056 358,1053 403,1053 447,1050 492,1053 537,1053 582,1053 626,1053 671,1053 716,1053 761,1056 806,1056 850,1053 895,1053 940,1050 985,1050 1030,1050 1074,1053 1119,1056 1164,1056 1209,1053 1253,1053 1298,1050"/>
                <Word id="r_10_tl_15_w1" custom="readingOrder {index:0;}">
                    <Coords points="297,1014 297,1074 366,1074 366,1014"/>
                    <TextEquiv>
                        <Unicode>den</Unicode>
                    </TextEquiv>
                </Word>
                <Word id="r_10_tl_15_w2" custom="readingOrder {index:1;}">
                    <Coords points="404,1013 404,1073 612,1073 612,1013"/>
                    <TextEquiv>
                        <Unicode>Ehemann</Unicode>
                    </TextEquiv>
                </Word>
                <Word id="r_10_tl_15_w3" custom="readingOrder {index:2;}">
                    <Coords points="655,1013 655,1073 794,1073 794,1013"/>
                    <TextEquiv>
                        <Unicode>kennet,</Unicode>
                    </TextEquiv>
                </Word>
                <Word id="r_10_tl_15_w4" custom="readingOrder {index:3;}">
                    <Coords points="827,1013 827,1073 938,1073 938,1013"/>
                    <TextEquiv>
                        <Unicode>kennet</Unicode>
                    </TextEquiv>
                </Word>
                <Word id="r_10_tl_15_w5" custom="readingOrder {index:4;}">
                    <Coords points="965,1010 965,1070 1034,1070 1034,1010"/>
                    <TextEquiv>
                        <Unicode>auch</Unicode>
                    </TextEquiv>
                </Word>
                <Word id="r_10_tl_15_w6" custom="readingOrder {index:5;}">
                    <Coords points="1073,1014 1073,1074 1291,1074 1291,1014"/>
                    <TextEquiv>
                        <Unicode>Krügern.</Unicode>
                    </TextEquiv>
                </Word>
                <TextEquiv>
                    <Unicode>den Ehemann kennet, kennet auch Krügern.</Unicode>
                </TextEquiv>
            </TextLine>
            <TextLine id="r_10_tl_16" custom="readingOrder {index:15;}">
                <Coords points="292,1121 1298,1119 1298,1068 1245,1061 292,1068"/>
                <Baseline points="307,1104 316,1104 361,1104 406,1104 450,1101 495,1101 540,1101 585,1104 629,1104 674,1101 719,1101 764,1098 809,1101 853,1098 898,1101 943,1098 988,1098 1032,1098 1077,1098 1122,1101 1167,1101 1212,1101 1256,1098 1301,1098"/>
                <Word id="r_10_tl_16_w1" custom="readingOrder {index:0;}">
                    <Coords points="297,1064 297,1124 414,1124 414,1064"/>
                    <TextEquiv>
                        <Unicode>Kostet</Unicode>
                    </TextEquiv>
                </Word>
                <Word id="r_10_tl_16_w2" custom="readingOrder {index:1;}">
                    <Coords points="436,1061 436,1121 457,1121 457,1061"/>
                    <TextEquiv>
                        <Unicode>in</Unicode>
                    </TextEquiv>
                </Word>
                <Word id="r_10_tl_16_w3" custom="readingOrder {index:2;}">
                    <Coords points="490,1061 490,1121 537,1121 537,1061"/>
                    <TextEquiv>
                        <Unicode>der</Unicode>
                    </TextEquiv>
                </Word>
                <Word id="r_10_tl_16_w4" custom="readingOrder {index:3;}">
                    <Coords points="559,1061 559,1121 767,1121 767,1061"/>
                    <TextEquiv>
                        <Unicode>Kanterschen</Unicode>
                    </TextEquiv>
                </Word>
                <Word id="r_10_tl_16_w5" custom="readingOrder {index:4;}">
                    <Coords points="794,1059 794,1119 1060,1119 1060,1059"/>
                    <TextEquiv>
                        <Unicode>Buchhandlung</Unicode>
                    </TextEquiv>
                </Word>
                <Word id="r_10_tl_16_w6" custom="readingOrder {index:5;}">
                    <Coords points="1088,1061 1088,1121 1216,1121 1216,1061"/>
                    <TextEquiv>
                        <Unicode>allhier,</Unicode>
                    </TextEquiv>
                </Word>
                <Word id="r_10_tl_16_w7" custom="readingOrder {index:6;}">
                    <Coords points="1232,1058 1232,1118 1290,1118 1290,1058"/>
                    <TextEquiv>
                        <Unicode>wie</Unicode>
                    </TextEquiv>
                </Word>
                <TextEquiv>
                    <Unicode>Kostet in der Kanterschen Buchhandlung allhier, wie</Unicode>
                </TextEquiv>
            </TextLine>
            <TextLine id="r_10_tl_17" custom="readingOrder {index:16;}">
                <Coords points="297,1162 408,1184 612,1162 690,1187 905,1162 1038,1187 1038,1106 297,1121"/>
                <Baseline points="310,1152 325,1152 370,1152 414,1152 459,1149 504,1149 549,1152 594,1152 638,1152 683,1149 728,1149 773,1149 818,1149 862,1149 907,1149 952,1146 997,1149 1041,1149"/>
                <Word id="r_10_tl_17_w1" custom="readingOrder {index:0;}">
                    <Coords points="304,1112 304,1172 375,1172 375,1112"/>
                    <TextEquiv>
                        <Unicode>auch</Unicode>
                    </TextEquiv>
                </Word>
                <Word id="r_10_tl_17_w2" custom="readingOrder {index:1;}">
                    <Coords points="406,1111 406,1171 429,1171 429,1111"/>
                    <TextEquiv>
                        <Unicode>in</Unicode>
                    </TextEquiv>
                </Word>
                <Word id="r_10_tl_17_w3" custom="readingOrder {index:2;}">
                    <Coords points="460,1109 460,1169 573,1169 573,1109"/>
                    <TextEquiv>
                        <Unicode>Elbing</Unicode>
                    </TextEquiv>
                </Word>
                <Word id="r_10_tl_17_w4" custom="readingOrder {index:3;}">
                    <Coords points="604,1112 604,1172 663,1172 663,1112"/>
                    <TextEquiv>
                        <Unicode>und</Unicode>
                    </TextEquiv>
                </Word>
                <Word id="r_10_tl_17_w5" custom="readingOrder {index:4;}">
                    <Coords points="694,1109 694,1169 807,1169 807,1109"/>
                    <TextEquiv>
                        <Unicode>Mitau</Unicode>
                    </TextEquiv>
                </Word>
                <Word id="r_10_tl_17_w6" custom="readingOrder {index:5;}">
                    <Coords points="838,1109 838,1169 849,1169 849,1109"/>
                    <TextEquiv>
                        <Unicode>2</Unicode>
                    </TextEquiv>
                </Word>
                <Word id="r_10_tl_17_w7" custom="readingOrder {index:6;}">
                    <Coords points="873,1109 873,1169 908,1169 908,1109"/>
                    <TextEquiv>
                        <Unicode>fl.</Unicode>
                    </TextEquiv>
                </Word>
                <Word id="r_10_tl_17_w8" custom="readingOrder {index:7;}">
                    <Coords points="922,1106 922,1166 957,1166 957,1106"/>
                    <TextEquiv>
                        <Unicode>15</Unicode>
                    </TextEquiv>
                </Word>
                <Word id="r_10_tl_17_w9" custom="readingOrder {index:8;}">
                    <Coords points="981,1109 981,1169 1034,1169 1034,1109"/>
                    <TextEquiv>
                        <Unicode>gr.</Unicode>
                    </TextEquiv>
                </Word>
                <TextEquiv>
                    <Unicode>auch in Elbing und Mitau 2 fl. 15 gr.</Unicode>
                </TextEquiv>
            </TextLine>
            <TextLine id="r_10_tl_18" custom="readingOrder {index:17;}">
                <Coords points="660,1252 706,1260 726,1252 741,1263 776,1250 791,1263 834,1250 912,1252 912,1192 885,1200 849,1189 814,1200 779,1192 764,1205 738,1187 711,1205 701,1197 660,1202"/>
                <Baseline points="674,1241 695,1241 740,1241 785,1238 829,1238 874,1238 919,1238"/>
                <Word id="r_10_tl_18_w1" custom="readingOrder {index:0;}">
                    <Coords points="668,1198 668,1258 914,1258 914,1198"/>
                    <TextEquiv>
                        <Unicode>Hamburg.</Unicode>
                    </TextEquiv>
                </Word>
                <TextEquiv>
                    <Unicode>Hamburg.</Unicode>
                </TextEquiv>
            </TextLine>
            <TextLine id="r_10_tl_19" custom="readingOrder {index:18;}">
                <Coords points="348,1290 1116,1323 1290,1303 1293,1230 348,1257"/>
                <Baseline points="361,1280 406,1286 450,1292 495,1295 540,1292 585,1292 629,1292 674,1292 719,1292 764,1292 809,1289 853,1292 898,1289 943,1289 988,1289 1027,1289 1038,1286 1083,1286 1128,1286 1173,1286 1218,1286 1262,1286 1295,1289"/>
                <Word id="r_10_tl_19_w1" custom="readingOrder {index:0;}">
                    <Coords points="361,1254 361,1314 644,1314 644,1254"/>
                    <TextEquiv>
                        <Unicode>„Betrachtungen</Unicode>
                    </TextEquiv>
                </Word>
                <Word id="r_10_tl_19_w2" custom="readingOrder {index:1;}">
                    <Coords points="681,1252 681,1312 757,1312 757,1252"/>
                    <TextEquiv>
                        <Unicode>über</Unicode>
                    </TextEquiv>
                </Word>
                <Word id="r_10_tl_19_w3" custom="readingOrder {index:2;}">
                    <Coords points="793,1249 793,1309 1006,1309 1006,1249"/>
                    <TextEquiv>
                        <Unicode>verschiedene</Unicode>
                    </TextEquiv>
                </Word>
                <Word id="r_10_tl_19_w4" custom="readingOrder {index:3;}">
                    <Coords points="1042,1246 1042,1306 1289,1306 1289,1246"/>
                    <TextEquiv>
                        <Unicode>Gegenstände,</Unicode>
                    </TextEquiv>
                </Word>
                <TextEquiv>
                    <Unicode>„Betrachtungen über verschiedene Gegenstände,</Unicode>
                </TextEquiv>
            </TextLine>
            <TextLine id="r_10_tl_20" custom="readingOrder {index:19;}">
                <Coords points="300,1341 481,1368 993,1353 993,1303 970,1298 852,1320 769,1295 393,1315 300,1285"/>
                <Baseline points="313,1331 358,1337 403,1343 447,1343 492,1346 537,1343 582,1346 626,1340 671,1340 716,1340 761,1340 806,1340 850,1340 895,1337 940,1337 985,1340 1000,1340"/>
                <Word id="r_10_tl_20_w1" custom="readingOrder {index:0;}">
                    <Coords points="307,1296 307,1356 407,1356 407,1296"/>
                    <TextEquiv>
                        <Unicode>"Bey</Unicode>
                    </TextEquiv>
                </Word>
                <Word id="r_10_tl_20_w2" custom="readingOrder {index:1;}">
                    <Coords points="456,1303 456,1363 615,1363 615,1303"/>
                    <TextEquiv>
                        <Unicode>Michael</Unicode>
                    </TextEquiv>
                </Word>
                <Word id="r_10_tl_20_w3" custom="readingOrder {index:2;}">
                    <Coords points="652,1300 652,1360 817,1360 817,1300"/>
                    <TextEquiv>
                        <Unicode>Christian</Unicode>
                    </TextEquiv>
                </Word>
                <Word id="r_10_tl_20_w4" custom="readingOrder {index:3;}">
                    <Coords points="878,1297 878,1357 995,1357 995,1297"/>
                    <TextEquiv>
                        <Unicode>Bock,</Unicode>
                    </TextEquiv>
                </Word>
                <TextEquiv>
                    <Unicode>"Bey Michael Christian Bock,</Unicode>
                </TextEquiv>
            </TextLine>
            <TextLine id="r_10_tl_21" custom="readingOrder {index:20;}">
                <Coords points="1018,1348 1043,1343 1089,1358 1119,1338 1137,1338 1152,1351 1187,1356 1202,1346 1293,1351 1293,1310 1268,1303 1212,1308 1205,1300 1192,1308 1154,1295 1116,1320 1091,1305 1018,1310"/>
                <Baseline points="1032,1337 1077,1337 1122,1337 1167,1337 1212,1337 1256,1337 1298,1337"/>
                <Word id="r_10_tl_21_w1" custom="readingOrder {index:0;}">
                    <Coords points="1025,1297 1025,1357 1085,1357 1085,1297"/>
                    <TextEquiv>
                        <Unicode>13.</Unicode>
                    </TextEquiv>
                </Word>
                <Word id="r_10_tl_21_w2" custom="readingOrder {index:1;}">
                    <Coords points="1133,1297 1133,1357 1289,1357 1289,1297"/>
                    <TextEquiv>
                        <Unicode>Bogen,</Unicode>
                    </TextEquiv>
                </Word>
                <TextEquiv>
                    <Unicode>13. Bogen,</Unicode>
                </TextEquiv>
            </TextLine>
            <TextLine id="r_10_tl_22" custom="readingOrder {index:21;}">
                <Coords points="300,1401 1293,1399 1293,1353 1247,1343 481,1368 300,1341"/>
                <Baseline points="313,1382 358,1394 403,1397 423,1396 423,1396 447,1394 492,1394 537,1394 582,1394 626,1394 671,1391 716,1391 761,1388 806,1388 850,1388 895,1388 940,1388 985,1388 1030,1388 1074,1388 1119,1385 1164,1388 1209,1388 1253,1388 1298,1385"/>
                <Word id="r_10_tl_22_w1" custom="readingOrder {index:0;}">
                    <Coords points="306,1346 306,1406 355,1406 355,1346"/>
                    <TextEquiv>
                        <Unicode>"in</Unicode>
                    </TextEquiv>
                </Word>
                <Word id="r_10_tl_22_w2" custom="readingOrder {index:1;}">
                    <Coords points="383,1356 383,1416 438,1416 438,1356"/>
                    <TextEquiv>
                        <Unicode>8.”</Unicode>
                    </TextEquiv>
                </Word>
                <Word id="r_10_tl_22_w3" custom="readingOrder {index:2;}">
                    <Coords points="494,1354 494,1414 571,1414 571,1354"/>
                    <TextEquiv>
                        <Unicode>Der</Unicode>
                    </TextEquiv>
                </Word>
                <Word id="r_10_tl_22_w4" custom="readingOrder {index:3;}">
                    <Coords points="594,1351 594,1411 781,1411 781,1351"/>
                    <TextEquiv>
                        <Unicode>allgemeine</Unicode>
                    </TextEquiv>
                </Word>
                <Word id="r_10_tl_22_w5" custom="readingOrder {index:4;}">
                    <Coords points="804,1348 804,1408 892,1408 892,1348"/>
                    <TextEquiv>
                        <Unicode>Titel</Unicode>
                    </TextEquiv>
                </Word>
                <Word id="r_10_tl_22_w6" custom="readingOrder {index:5;}">
                    <Coords points="904,1348 904,1408 997,1408 997,1348"/>
                    <TextEquiv>
                        <Unicode>dieses</Unicode>
                    </TextEquiv>
                </Word>
                <Word id="r_10_tl_22_w7" custom="readingOrder {index:6;}">
                    <Coords points="1020,1347 1020,1407 1152,1407 1152,1347"/>
                    <TextEquiv>
                        <Unicode>Buchs,</Unicode>
                    </TextEquiv>
                </Word>
                <Word id="r_10_tl_22_w8" custom="readingOrder {index:7;}">
                    <Coords points="1164,1348 1164,1408 1224,1408 1224,1348"/>
                    <TextEquiv>
                        <Unicode>und</Unicode>
                    </TextEquiv>
                </Word>
                <Word id="r_10_tl_22_w9" custom="readingOrder {index:8;}">
                    <Coords points="1241,1347 1241,1407 1285,1407 1285,1347"/>
                    <TextEquiv>
                        <Unicode>die</Unicode>
                    </TextEquiv>
                </Word>
                <TextEquiv>
                    <Unicode>"in 8.” Der allgemeine Titel dieses Buchs, und die</Unicode>
                </TextEquiv>
            </TextLine>
            <TextLine id="r_10_tl_23" custom="readingOrder {index:22;}">
                <Coords points="292,1441 476,1469 1285,1441 1270,1396 292,1409"/>
                <Baseline points="307,1439 352,1442 397,1442 441,1442 486,1442 531,1442 576,1442 620,1442 665,1442 710,1436 755,1439 800,1439 844,1439 889,1439 934,1436 979,1436 1024,1439 1068,1439 1113,1436 1158,1436 1203,1439 1247,1436 1292,1439"/>
                <Word id="r_10_tl_23_w1" custom="readingOrder {index:0;}">
                    <Coords points="298,1402 298,1462 613,1462 613,1402"/>
                    <TextEquiv>
                        <Unicode>Entschuldigungen</Unicode>
                    </TextEquiv>
                </Word>
                <Word id="r_10_tl_23_w2" custom="readingOrder {index:1;}">
                    <Coords points="646,1400 646,1460 700,1460 700,1400"/>
                    <TextEquiv>
                        <Unicode>des</Unicode>
                    </TextEquiv>
                </Word>
                <Word id="r_10_tl_23_w3" custom="readingOrder {index:2;}">
                    <Coords points="722,1399 722,1459 945,1459 945,1399"/>
                    <TextEquiv>
                        <Unicode>ungenannten</Unicode>
                    </TextEquiv>
                </Word>
                <Word id="r_10_tl_23_w4" custom="readingOrder {index:3;}">
                    <Coords points="978,1399 978,1459 1157,1459 1157,1399"/>
                    <TextEquiv>
                        <Unicode>Verfaßers</Unicode>
                    </TextEquiv>
                </Word>
                <Word id="r_10_tl_23_w5" custom="readingOrder {index:4;}">
                    <Coords points="1180,1398 1180,1458 1201,1458 1201,1398"/>
                    <TextEquiv>
                        <Unicode>in</Unicode>
                    </TextEquiv>
                </Word>
                <Word id="r_10_tl_23_w6" custom="readingOrder {index:5;}">
                    <Coords points="1234,1396 1234,1456 1282,1456 1282,1396"/>
                    <TextEquiv>
                        <Unicode>der</Unicode>
                    </TextEquiv>
                </Word>
                <TextEquiv>
                    <Unicode>Entschuldigungen des ungenannten Verfaßers in der</Unicode>
                </TextEquiv>
            </TextLine>
            <TextLine id="r_10_tl_24" custom="readingOrder {index:23;}">
                <Coords points="292,1497 1293,1497 1293,1449 1227,1439 292,1449"/>
                <Baseline points="307,1489 313,1486 358,1489 403,1489 447,1492 492,1489 537,1489 582,1489 626,1489 671,1486 716,1486 761,1486 806,1486 850,1486 895,1486 940,1483 985,1483 1030,1483 1074,1486 1119,1486 1164,1486 1209,1486 1253,1483 1298,1486"/>
                <Word id="r_10_tl_24_w1" custom="readingOrder {index:0;}">
                    <Coords points="297,1449 297,1509 464,1509 464,1449"/>
                    <TextEquiv>
                        <Unicode>Vorrede,</Unicode>
                    </TextEquiv>
                </Word>
                <Word id="r_10_tl_24_w2" custom="readingOrder {index:1;}">
                    <Coords points="485,1449 485,1509 585,1509 585,1449"/>
                    <TextEquiv>
                        <Unicode>zeigen</Unicode>
                    </TextEquiv>
                </Word>
                <Word id="r_10_tl_24_w3" custom="readingOrder {index:2;}">
                    <Coords points="616,1447 616,1507 677,1507 677,1447"/>
                    <TextEquiv>
                        <Unicode>uns</Unicode>
                    </TextEquiv>
                </Word>
                <Word id="r_10_tl_24_w4" custom="readingOrder {index:3;}">
                    <Coords points="703,1446 703,1506 951,1506 951,1446"/>
                    <TextEquiv>
                        <Unicode>Sammlungen</Unicode>
                    </TextEquiv>
                </Word>
                <Word id="r_10_tl_24_w5" custom="readingOrder {index:4;}">
                    <Coords points="987,1443 987,1503 1037,1503 1037,1443"/>
                    <TextEquiv>
                        <Unicode>von</Unicode>
                    </TextEquiv>
                </Word>
                <Word id="r_10_tl_24_w6" custom="readingOrder {index:5;}">
                    <Coords points="1068,1446 1068,1506 1154,1506 1154,1446"/>
                    <TextEquiv>
                        <Unicode>einem</Unicode>
                    </TextEquiv>
                </Word>
                <Word id="r_10_tl_24_w7" custom="readingOrder {index:6;}">
                    <Coords points="1191,1443 1191,1503 1291,1503 1291,1443"/>
                    <TextEquiv>
                        <Unicode>Aller¬</Unicode>
                    </TextEquiv>
                </Word>
                <TextEquiv>
                    <Unicode>Vorrede, zeigen uns Sammlungen von einem Aller¬</Unicode>
                </TextEquiv>
            </TextLine>
            <TextLine id="r_10_tl_25" custom="readingOrder {index:24;}">
                <Coords points="285,1552 1285,1545 1263,1492 285,1502"/>
                <Baseline points="298,1537 307,1537 352,1537 397,1537 441,1537 486,1537 531,1537 576,1534 620,1537 665,1537 710,1534 755,1534 800,1534 844,1534 889,1534 934,1531 979,1534 1024,1534 1068,1534 1113,1534 1158,1534 1203,1534 1247,1531 1292,1534"/>
                <Word id="r_10_tl_25_w1" custom="readingOrder {index:0;}">
                    <Coords points="296,1497 296,1557 361,1557 361,1497"/>
                    <TextEquiv>
                        <Unicode>ley,</Unicode>
                    </TextEquiv>
                </Word>
                <Word id="r_10_tl_25_w2" custom="readingOrder {index:1;}">
                    <Coords points="389,1497 389,1557 514,1557 514,1497"/>
                    <TextEquiv>
                        <Unicode>welches</Unicode>
                    </TextEquiv>
                </Word>
                <Word id="r_10_tl_25_w3" custom="readingOrder {index:2;}">
                    <Coords points="541,1497 541,1557 737,1557 737,1497"/>
                    <TextEquiv>
                        <Unicode>Leichtigkeit</Unicode>
                    </TextEquiv>
                </Word>
                <Word id="r_10_tl_25_w4" custom="readingOrder {index:3;}">
                    <Coords points="759,1494 759,1554 819,1554 819,1494"/>
                    <TextEquiv>
                        <Unicode>und</Unicode>
                    </TextEquiv>
                </Word>
                <Word id="r_10_tl_25_w5" custom="readingOrder {index:4;}">
                    <Coords points="842,1493 842,1553 944,1553 944,1493"/>
                    <TextEquiv>
                        <Unicode>Mode</Unicode>
                    </TextEquiv>
                </Word>
                <Word id="r_10_tl_25_w6" custom="readingOrder {index:5;}">
                    <Coords points="973,1494 973,1554 1021,1554 1021,1494"/>
                    <TextEquiv>
                        <Unicode>zum</Unicode>
                    </TextEquiv>
                </Word>
                <Word id="r_10_tl_25_w7" custom="readingOrder {index:6;}">
                    <Coords points="1060,1494 1060,1554 1288,1554 1288,1494"/>
                    <TextEquiv>
                        <Unicode>Zeitvertreibe</Unicode>
                    </TextEquiv>
                </Word>
                <TextEquiv>
                    <Unicode>ley, welches Leichtigkeit und Mode zum Zeitvertreibe</Unicode>
                </TextEquiv>
            </TextLine>
            <TextLine id="r_10_tl_26" custom="readingOrder {index:25;}">
                <Coords points="290,1593 1285,1593 1285,1545 1250,1540 290,1552"/>
                <Baseline points="304,1585 316,1585 361,1585 406,1585 450,1585 495,1585 540,1585 585,1585 629,1585 674,1582 719,1582 764,1582 809,1582 853,1579 898,1582 943,1579 988,1582 1032,1582 1056,1582 1068,1579 1113,1582 1158,1582 1203,1579 1247,1579 1292,1576"/>
                <Word id="r_10_tl_26_w1" custom="readingOrder {index:0;}">
                    <Coords points="296,1545 296,1605 569,1605 569,1545"/>
                    <TextEquiv>
                        <Unicode>melancholischer</Unicode>
                    </TextEquiv>
                </Word>
                <Word id="r_10_tl_26_w2" custom="readingOrder {index:1;}">
                    <Coords points="592,1543 592,1603 719,1603 719,1543"/>
                    <TextEquiv>
                        <Unicode>Nächte</Unicode>
                    </TextEquiv>
                </Word>
                <Word id="r_10_tl_26_w3" custom="readingOrder {index:2;}">
                    <Coords points="747,1540 747,1600 909,1600 909,1540"/>
                    <TextEquiv>
                        <Unicode>bestimmt</Unicode>
                    </TextEquiv>
                </Word>
                <Word id="r_10_tl_26_w4" custom="readingOrder {index:3;}">
                    <Coords points="932,1540 932,1600 1003,1600 1003,1540"/>
                    <TextEquiv>
                        <Unicode>hat.</Unicode>
                    </TextEquiv>
                </Word>
                <Word id="r_10_tl_26_w5" custom="readingOrder {index:4;}">
                    <Coords points="1060,1540 1060,1600 1132,1600 1132,1540"/>
                    <TextEquiv>
                        <Unicode>Die</Unicode>
                    </TextEquiv>
                </Word>
                <Word id="r_10_tl_26_w6" custom="readingOrder {index:5;}">
                    <Coords points="1155,1539 1155,1599 1288,1599 1288,1539"/>
                    <TextEquiv>
                        <Unicode>Finster¬</Unicode>
                    </TextEquiv>
                </Word>
                <TextEquiv>
                    <Unicode>melancholischer Nächte bestimmt hat. Die Finster¬</Unicode>
                </TextEquiv>
            </TextLine>
            <TextLine id="r_10_tl_27" custom="readingOrder {index:26;}">
                <Coords points="292,1641 917,1628 978,1658 1285,1635 1288,1593 295,1598"/>
                <Baseline points="307,1636 352,1633 397,1633 441,1633 486,1633 531,1633 576,1633 620,1633 665,1633 710,1630 755,1630 800,1630 844,1630 889,1627 934,1627 979,1627 1024,1624 1068,1627 1113,1627 1158,1624 1203,1627 1247,1624 1292,1624"/>
                <Word id="r_10_tl_27_w1" custom="readingOrder {index:0;}">
                    <Coords points="297,1594 297,1654 349,1654 349,1594"/>
                    <TextEquiv>
                        <Unicode>niß</Unicode>
                    </TextEquiv>
                </Word>
                <Word id="r_10_tl_27_w2" custom="readingOrder {index:1;}">
                    <Coords points="377,1593 377,1653 429,1653 429,1593"/>
                    <TextEquiv>
                        <Unicode>der</Unicode>
                    </TextEquiv>
                </Word>
                <Word id="r_10_tl_27_w3" custom="readingOrder {index:2;}">
                    <Coords points="451,1593 451,1653 688,1653 688,1593"/>
                    <TextEquiv>
                        <Unicode>Nachtlampe,</Unicode>
                    </TextEquiv>
                </Word>
                <Word id="r_10_tl_27_w4" custom="readingOrder {index:3;}">
                    <Coords points="715,1590 715,1650 757,1650 757,1590"/>
                    <TextEquiv>
                        <Unicode>ein</Unicode>
                    </TextEquiv>
                </Word>
                <Word id="r_10_tl_27_w5" custom="readingOrder {index:4;}">
                    <Coords points="784,1590 784,1650 899,1650 899,1590"/>
                    <TextEquiv>
                        <Unicode>Auge,</Unicode>
                    </TextEquiv>
                </Word>
                <Word id="r_10_tl_27_w6" custom="readingOrder {index:5;}">
                    <Coords points="921,1586 921,1646 1043,1646 1043,1586"/>
                    <TextEquiv>
                        <Unicode>worinn</Unicode>
                    </TextEquiv>
                </Word>
                <Word id="r_10_tl_27_w7" custom="readingOrder {index:6;}">
                    <Coords points="1080,1587 1080,1647 1127,1647 1127,1587"/>
                    <TextEquiv>
                        <Unicode>der</Unicode>
                    </TextEquiv>
                </Word>
                <Word id="r_10_tl_27_w8" custom="readingOrder {index:7;}">
                    <Coords points="1160,1585 1160,1645 1286,1645 1286,1585"/>
                    <TextEquiv>
                        <Unicode>Schlaf</Unicode>
                    </TextEquiv>
                </Word>
                <TextEquiv>
                    <Unicode>niß der Nachtlampe, ein Auge, worinn der Schlaf</Unicode>
                </TextEquiv>
            </TextLine>
            <TextLine id="r_10_tl_28" custom="readingOrder {index:27;}">
                <Coords points="290,1696 1283,1676 1283,1633 290,1641"/>
                <Baseline points="304,1677 349,1680 394,1680 438,1677 483,1677 528,1677 573,1677 618,1674 662,1674 707,1677 752,1677 797,1674 841,1674 886,1671 931,1671 976,1671 1021,1671 1065,1668 1110,1668 1155,1665 1200,1668 1244,1668 1289,1668"/>
                <Word id="r_10_tl_28_w1" custom="readingOrder {index:0;}">
                    <Coords points="295,1638 295,1698 355,1698 355,1638"/>
                    <TextEquiv>
                        <Unicode>und</Unicode>
                    </TextEquiv>
                </Word>
                <Word id="r_10_tl_28_w2" custom="readingOrder {index:1;}">
                    <Coords points="381,1639 381,1699 430,1699 430,1639"/>
                    <TextEquiv>
                        <Unicode>die</Unicode>
                    </TextEquiv>
                </Word>
                <Word id="r_10_tl_28_w3" custom="readingOrder {index:2;}">
                    <Coords points="456,1637 456,1697 588,1697 588,1637"/>
                    <TextEquiv>
                        <Unicode>Unruhe</Unicode>
                    </TextEquiv>
                </Word>
                <Word id="r_10_tl_28_w4" custom="readingOrder {index:3;}">
                    <Coords points="614,1634 614,1694 663,1694 663,1634"/>
                    <TextEquiv>
                        <Unicode>der</Unicode>
                    </TextEquiv>
                </Word>
                <Word id="r_10_tl_28_w5" custom="readingOrder {index:4;}">
                    <Coords points="689,1637 689,1697 801,1697 801,1637"/>
                    <TextEquiv>
                        <Unicode>Nacht</Unicode>
                    </TextEquiv>
                </Word>
                <Word id="r_10_tl_28_w6" custom="readingOrder {index:5;}">
                    <Coords points="821,1631 821,1691 972,1691 972,1631"/>
                    <TextEquiv>
                        <Unicode>streiten,</Unicode>
                    </TextEquiv>
                </Word>
                <Word id="r_10_tl_28_w7" custom="readingOrder {index:6;}">
                    <Coords points="998,1630 998,1690 1059,1690 1059,1630"/>
                    <TextEquiv>
                        <Unicode>und</Unicode>
                    </TextEquiv>
                </Word>
                <Word id="r_10_tl_28_w8" custom="readingOrder {index:7;}">
                    <Coords points="1085,1625 1085,1685 1210,1685 1210,1625"/>
                    <TextEquiv>
                        <Unicode>welches</Unicode>
                    </TextEquiv>
                </Word>
                <Word id="r_10_tl_28_w9" custom="readingOrder {index:8;}">
                    <Coords points="1236,1628 1236,1688 1281,1688 1281,1628"/>
                    <TextEquiv>
                        <Unicode>die</Unicode>
                    </TextEquiv>
                </Word>
                <TextEquiv>
                    <Unicode>und die Unruhe der Nacht streiten, und welches die</Unicode>
                </TextEquiv>
            </TextLine>
            <TextLine id="r_10_tl_29" custom="readingOrder {index:28;}">
                <Coords points="300,1736 1242,1729 1285,1724 1288,1676 300,1688"/>
                <Baseline points="313,1719 352,1722 397,1722 441,1722 486,1722 531,1719 576,1719 620,1719 665,1719 710,1716 755,1716 800,1713 844,1713 889,1713 934,1713 979,1710 1024,1710 1068,1707 1113,1710 1158,1710 1203,1707 1247,1707 1292,1713"/>
                <Word id="r_10_tl_29_w1" custom="readingOrder {index:0;}">
                    <Coords points="304,1682 304,1742 530,1742 530,1682"/>
                    <TextEquiv>
                        <Unicode>Gegenstände</Unicode>
                    </TextEquiv>
                </Word>
                <Word id="r_10_tl_29_w2" custom="readingOrder {index:1;}">
                    <Coords points="555,1679 555,1739 722,1739 722,1679"/>
                    <TextEquiv>
                        <Unicode>zwiefach,</Unicode>
                    </TextEquiv>
                </Word>
                <Word id="r_10_tl_29_w3" custom="readingOrder {index:2;}">
                    <Coords points="747,1673 747,1733 883,1733 883,1673"/>
                    <TextEquiv>
                        <Unicode>dunkel,</Unicode>
                    </TextEquiv>
                </Word>
                <Word id="r_10_tl_29_w4" custom="readingOrder {index:3;}">
                    <Coords points="909,1672 909,1732 977,1732 977,1672"/>
                    <TextEquiv>
                        <Unicode>oder</Unicode>
                    </TextEquiv>
                </Word>
                <Word id="r_10_tl_29_w5" custom="readingOrder {index:4;}">
                    <Coords points="1002,1669 1002,1729 1055,1729 1055,1669"/>
                    <TextEquiv>
                        <Unicode>gar</Unicode>
                    </TextEquiv>
                </Word>
                <Word id="r_10_tl_29_w6" custom="readingOrder {index:5;}">
                    <Coords points="1090,1670 1090,1730 1174,1730 1174,1670"/>
                    <TextEquiv>
                        <Unicode>nicht</Unicode>
                    </TextEquiv>
                </Word>
                <Word id="r_10_tl_29_w7" custom="readingOrder {index:6;}">
                    <Coords points="1194,1667 1194,1727 1286,1727 1286,1667"/>
                    <TextEquiv>
                        <Unicode>sieht,</Unicode>
                    </TextEquiv>
                </Word>
                <TextEquiv>
                    <Unicode>Gegenstände zwiefach, dunkel, oder gar nicht sieht,</Unicode>
                </TextEquiv>
            </TextLine>
            <TextLine id="r_10_tl_30" custom="readingOrder {index:29;}">
                <Coords points="292,1787 1288,1769 1268,1716 292,1741"/>
                <Baseline points="307,1770 310,1767 355,1767 400,1767 444,1764 489,1764 534,1764 579,1764 623,1764 668,1761 713,1761 758,1758 803,1758 847,1758 892,1755 937,1758 982,1755 1027,1755 1071,1755 1116,1755 1161,1755 1206,1755 1250,1755 1295,1755"/>
                <Word id="r_10_tl_30_w1" custom="readingOrder {index:0;}">
                    <Coords points="297,1727 297,1787 420,1787 420,1727"/>
                    <TextEquiv>
                        <Unicode>machen</Unicode>
                    </TextEquiv>
                </Word>
                <Word id="r_10_tl_30_w2" custom="readingOrder {index:1;}">
                    <Coords points="452,1724 452,1784 535,1784 535,1724"/>
                    <TextEquiv>
                        <Unicode>zwar</Unicode>
                    </TextEquiv>
                </Word>
                <Word id="r_10_tl_30_w3" custom="readingOrder {index:2;}">
                    <Coords points="561,1721 561,1781 778,1781 778,1721"/>
                    <TextEquiv>
                        <Unicode>künstliche</Unicode>
                    </TextEquiv>
                </Word>
                <Word id="r_10_tl_30_w4" custom="readingOrder {index:3;}">
                    <Coords points="810,1718 810,1778 872,1778 872,1718"/>
                    <TextEquiv>
                        <Unicode>und</Unicode>
                    </TextEquiv>
                </Word>
                <Word id="r_10_tl_30_w5" custom="readingOrder {index:4;}">
                    <Coords points="903,1716 903,1776 1027,1776 1027,1716"/>
                    <TextEquiv>
                        <Unicode>reelle</Unicode>
                    </TextEquiv>
                </Word>
                <Word id="r_10_tl_30_w6" custom="readingOrder {index:5;}">
                    <Coords points="1059,1715 1059,1775 1291,1775 1291,1715"/>
                    <TextEquiv>
                        <Unicode>Beobachtun¬</Unicode>
                    </TextEquiv>
                </Word>
                <TextEquiv>
                    <Unicode>machen zwar künstliche und reelle Beobachtun¬</Unicode>
                </TextEquiv>
            </TextLine>
            <TextLine id="r_10_tl_31" custom="readingOrder {index:30;}">
                <Coords points="292,1832 1288,1814 1268,1764 292,1792"/>
                <Baseline points="307,1821 310,1818 355,1815 400,1812 444,1812 489,1812 534,1812 579,1812 623,1809 668,1809 713,1809 758,1806 803,1809 847,1806 892,1806 937,1806 982,1803 1027,1803 1071,1803 1116,1803 1161,1803 1206,1803 1250,1803 1295,1803"/>
                <Word id="r_10_tl_31_w1" custom="readingOrder {index:0;}">
                    <Coords points="298,1776 298,1836 358,1836 358,1776"/>
                    <TextEquiv>
                        <Unicode>gen</Unicode>
                    </TextEquiv>
                </Word>
                <Word id="r_10_tl_31_w2" custom="readingOrder {index:1;}">
                    <Coords points="392,1772 392,1832 568,1832 568,1772"/>
                    <TextEquiv>
                        <Unicode>unmöglich</Unicode>
                    </TextEquiv>
                </Word>
                <Word id="r_10_tl_31_w3" custom="readingOrder {index:2;}">
                    <Coords points="602,1769 602,1829 673,1829 673,1769"/>
                    <TextEquiv>
                        <Unicode>oder</Unicode>
                    </TextEquiv>
                </Word>
                <Word id="r_10_tl_31_w4" custom="readingOrder {index:3;}">
                    <Coords points="696,1768 696,1828 938,1828 938,1768"/>
                    <TextEquiv>
                        <Unicode>unfruchtbar;</Unicode>
                    </TextEquiv>
                </Word>
                <Word id="r_10_tl_31_w5" custom="readingOrder {index:4;}">
                    <Coords points="972,1763 972,1823 1170,1823 1170,1763"/>
                    <TextEquiv>
                        <Unicode>begünstigen</Unicode>
                    </TextEquiv>
                </Word>
                <Word id="r_10_tl_31_w6" custom="readingOrder {index:5;}">
                    <Coords points="1209,1763 1209,1823 1280,1823 1280,1763"/>
                    <TextEquiv>
                        <Unicode>aber</Unicode>
                    </TextEquiv>
                </Word>
                <TextEquiv>
                    <Unicode>gen unmöglich oder unfruchtbar; begünstigen aber</Unicode>
                </TextEquiv>
            </TextLine>
            <TextLine id="r_10_tl_32" custom="readingOrder {index:31;}">
                <Coords points="300,1872 1285,1870 1288,1809 300,1830"/>
                <Baseline points="313,1862 352,1859 397,1862 441,1862 486,1859 531,1862 576,1859 620,1859 665,1859 710,1857 755,1857 800,1857 844,1854 889,1854 934,1854 979,1854 1024,1854 1068,1854 1113,1854 1158,1851 1203,1854 1247,1854 1292,1851"/>
                <Word id="r_10_tl_32_w1" custom="readingOrder {index:0;}">
                    <Coords points="306,1819 306,1879 679,1879 679,1819"/>
                    <TextEquiv>
                        <Unicode>Schlummergedanken</Unicode>
                    </TextEquiv>
                </Word>
                <Word id="r_10_tl_32_w2" custom="readingOrder {index:1;}">
                    <Coords points="706,1817 706,1877 787,1877 787,1817"/>
                    <TextEquiv>
                        <Unicode>sehr,</Unicode>
                    </TextEquiv>
                </Word>
                <Word id="r_10_tl_32_w3" custom="readingOrder {index:2;}">
                    <Coords points="804,1815 804,1875 852,1875 852,1815"/>
                    <TextEquiv>
                        <Unicode>die</Unicode>
                    </TextEquiv>
                </Word>
                <Word id="r_10_tl_32_w4" custom="readingOrder {index:3;}">
                    <Coords points="875,1814 875,1874 939,1874 939,1814"/>
                    <TextEquiv>
                        <Unicode>man</Unicode>
                    </TextEquiv>
                </Word>
                <Word id="r_10_tl_32_w5" custom="readingOrder {index:4;}">
                    <Coords points="966,1814 966,1874 1107,1874 1107,1814"/>
                    <TextEquiv>
                        <Unicode>freilich:</Unicode>
                    </TextEquiv>
                </Word>
                <Word id="r_10_tl_32_w6" custom="readingOrder {index:5;}">
                    <Coords points="1135,1814 1135,1874 1291,1874 1291,1814"/>
                    <TextEquiv>
                        <Unicode>Betrach¬</Unicode>
                    </TextEquiv>
                </Word>
                <TextEquiv>
                    <Unicode>Schlummergedanken sehr, die man freilich: Betrach¬</Unicode>
                </TextEquiv>
            </TextLine>
            <TextLine id="r_10_tl_33" custom="readingOrder {index:32;}">
                <Coords points="290,1923 1285,1913 1252,1860 290,1877"/>
                <Baseline points="304,1910 307,1910 352,1913 397,1910 441,1910 486,1910 531,1907 576,1907 620,1907 665,1907 710,1904 755,1904 800,1901 844,1901 889,1904 934,1901 979,1901 1024,1904 1068,1904 1113,1904 1158,1904 1203,1901 1247,1901 1292,1898"/>
                <Word id="r_10_tl_33_w1" custom="readingOrder {index:0;}">
                    <Coords points="295,1872 295,1932 411,1932 411,1872"/>
                    <TextEquiv>
                        <Unicode>tungen</Unicode>
                    </TextEquiv>
                </Word>
                <Word id="r_10_tl_33_w2" custom="readingOrder {index:1;}">
                    <Coords points="448,1870 448,1930 522,1930 522,1870"/>
                    <TextEquiv>
                        <Unicode>über</Unicode>
                    </TextEquiv>
                </Word>
                <Word id="r_10_tl_33_w3" custom="readingOrder {index:2;}">
                    <Coords points="554,1867 554,1927 759,1927 759,1867"/>
                    <TextEquiv>
                        <Unicode>verschiedene</Unicode>
                    </TextEquiv>
                </Word>
                <Word id="r_10_tl_33_w4" custom="readingOrder {index:3;}">
                    <Coords points="792,1862 792,1922 1019,1922 1019,1862"/>
                    <TextEquiv>
                        <Unicode>Gegenstände</Unicode>
                    </TextEquiv>
                </Word>
                <Word id="r_10_tl_33_w5" custom="readingOrder {index:4;}">
                    <Coords points="1046,1863 1046,1923 1272,1923 1272,1863"/>
                    <TextEquiv>
                        <Unicode>überschreiben</Unicode>
                    </TextEquiv>
                </Word>
                <TextEquiv>
                    <Unicode>tungen über verschiedene Gegenstände überschreiben</Unicode>
                </TextEquiv>
            </TextLine>
            <TextLine id="r_10_tl_34" custom="readingOrder {index:33;}">
                <Coords points="292,1966 1285,1963 1260,1908 292,1920"/>
                <Baseline points="307,1961 349,1958 394,1958 438,1958 483,1958 528,1955 573,1952 618,1955 662,1952 707,1952 752,1952 797,1952 841,1952 886,1952 931,1949 976,1949 1021,1952 1065,1955 1110,1952 1155,1952 1200,1952 1244,1952 1289,1949"/>
                <Word id="r_10_tl_34_w1" custom="readingOrder {index:0;}">
                    <Coords points="298,1918 298,1978 397,1978 397,1918"/>
                    <TextEquiv>
                        <Unicode>kann.</Unicode>
                    </TextEquiv>
                </Word>
                <Word id="r_10_tl_34_w2" custom="readingOrder {index:1;}">
                    <Coords points="420,1918 420,1978 492,1978 492,1918"/>
                    <TextEquiv>
                        <Unicode>Die</Unicode>
                    </TextEquiv>
                </Word>
                <Word id="r_10_tl_34_w3" custom="readingOrder {index:2;}">
                    <Coords points="515,1913 515,1973 676,1973 676,1913"/>
                    <TextEquiv>
                        <Unicode>Erzälung</Unicode>
                    </TextEquiv>
                </Word>
                <Word id="r_10_tl_34_w4" custom="readingOrder {index:3;}">
                    <Coords points="704,1912 704,1972 754,1972 754,1912"/>
                    <TextEquiv>
                        <Unicode>des</Unicode>
                    </TextEquiv>
                </Word>
                <Word id="r_10_tl_34_w5" custom="readingOrder {index:4;}">
                    <Coords points="777,1912 777,1972 920,1972 920,1912"/>
                    <TextEquiv>
                        <Unicode>Inhalts</Unicode>
                    </TextEquiv>
                </Word>
                <Word id="r_10_tl_34_w6" custom="readingOrder {index:5;}">
                    <Coords points="949,1909 949,1969 1021,1969 1021,1909"/>
                    <TextEquiv>
                        <Unicode>wird</Unicode>
                    </TextEquiv>
                </Word>
                <Word id="r_10_tl_34_w7" custom="readingOrder {index:6;}">
                    <Coords points="1044,1913 1044,1973 1138,1973 1138,1913"/>
                    <TextEquiv>
                        <Unicode>unser</Unicode>
                    </TextEquiv>
                </Word>
                <Word id="r_10_tl_34_w8" custom="readingOrder {index:7;}">
                    <Coords points="1160,1912 1160,1972 1288,1972 1288,1912"/>
                    <TextEquiv>
                        <Unicode>Urtheil</Unicode>
                    </TextEquiv>
                </Word>
                <TextEquiv>
                    <Unicode>kann. Die Erzälung des Inhalts wird unser Urtheil</Unicode>
                </TextEquiv>
            </TextLine>
            <TextLine id="r_10_tl_35" custom="readingOrder {index:34;}">
                <Coords points="297,2026 1283,2006 1255,1958 297,1968"/>
                <Baseline points="310,2006 349,2009 394,2006 438,2003 483,2003 528,2003 573,2000 618,2003 662,2000 707,2000 752,2000 797,1997 841,2000 886,2000 931,2000 976,2003 1021,2003 1065,2003 1110,2003 1155,2003 1200,2000 1244,2000 1289,2000"/>
                <Word id="r_10_tl_35_w1" custom="readingOrder {index:0;}">
                    <Coords points="297,1964 297,2024 540,2024 540,1964"/>
                    <TextEquiv>
                        <Unicode>rechtfertigen.</Unicode>
                    </TextEquiv>
                </Word>
                <Word id="r_10_tl_35_w2" custom="readingOrder {index:1;}">
                    <Coords points="583,1962 583,2022 659,2022 659,1962"/>
                    <TextEquiv>
                        <Unicode>Von</Unicode>
                    </TextEquiv>
                </Word>
                <Word id="r_10_tl_35_w3" custom="readingOrder {index:2;}">
                    <Coords points="687,1960 687,2020 735,2020 735,1960"/>
                    <TextEquiv>
                        <Unicode>den</Unicode>
                    </TextEquiv>
                </Word>
                <Word id="r_10_tl_35_w4" custom="readingOrder {index:3;}">
                    <Coords points="768,1958 768,2018 778,2018 778,1958"/>
                    <TextEquiv>
                        <Unicode>8</Unicode>
                    </TextEquiv>
                </Word>
                <Word id="r_10_tl_35_w5" custom="readingOrder {index:4;}">
                    <Coords points="811,1960 811,2020 1064,2020 1064,1960"/>
                    <TextEquiv>
                        <Unicode>Betrachtungen</Unicode>
                    </TextEquiv>
                </Word>
                <Word id="r_10_tl_35_w6" custom="readingOrder {index:5;}">
                    <Coords points="1092,1963 1092,2023 1216,2023 1216,1963"/>
                    <TextEquiv>
                        <Unicode>besingt</Unicode>
                    </TextEquiv>
                </Word>
                <Word id="r_10_tl_35_w7" custom="readingOrder {index:6;}">
                    <Coords points="1238,1960 1238,2020 1280,2020 1280,1960"/>
                    <TextEquiv>
                        <Unicode>die</Unicode>
                    </TextEquiv>
                </Word>
                <TextEquiv>
                    <Unicode>rechtfertigen. Von den 8 Betrachtungen besingt die</Unicode>
                </TextEquiv>
            </TextLine>
            <TextLine id="r_10_tl_36" custom="readingOrder {index:35;}">
                <Coords points="290,2074 1283,2061 1283,2006 635,2024 575,1998 290,2029"/>
                <Baseline points="304,2057 349,2057 394,2057 438,2054 483,2054 528,2054 573,2054 618,2051 662,2051 707,2054 752,2054 797,2051 841,2051 886,2051 931,2051 976,2054 1021,2051 1065,2054 1110,2054 1155,2051 1200,2051 1244,2048 1289,2048"/>
                <Word id="r_10_tl_36_w1" custom="readingOrder {index:0;}">
                    <Coords points="297,2017 297,2077 375,2077 375,2017"/>
                    <TextEquiv>
                        <Unicode>erste</Unicode>
                    </TextEquiv>
                </Word>
                <Word id="r_10_tl_36_w2" custom="readingOrder {index:1;}">
                    <Coords points="393,2015 393,2075 449,2075 449,2015"/>
                    <TextEquiv>
                        <Unicode>das</Unicode>
                    </TextEquiv>
                </Word>
                <Word id="r_10_tl_36_w3" custom="readingOrder {index:2;}">
                    <Coords points="472,2014 472,2074 574,2074 574,2014"/>
                    <TextEquiv>
                        <Unicode>Glück</Unicode>
                    </TextEquiv>
                </Word>
                <Word id="r_10_tl_36_w4" custom="readingOrder {index:3;}">
                    <Coords points="603,2011 603,2071 654,2071 654,2011"/>
                    <TextEquiv>
                        <Unicode>des</Unicode>
                    </TextEquiv>
                </Word>
                <Word id="r_10_tl_36_w5" custom="readingOrder {index:4;}">
                    <Coords points="683,2011 683,2071 905,2071 905,2011"/>
                    <TextEquiv>
                        <Unicode>Landmannes</Unicode>
                    </TextEquiv>
                </Word>
                <Word id="r_10_tl_36_w6" custom="readingOrder {index:5;}">
                    <Coords points="934,2013 934,2073 995,2073 995,2013"/>
                    <TextEquiv>
                        <Unicode>mit</Unicode>
                    </TextEquiv>
                </Word>
                <Word id="r_10_tl_36_w7" custom="readingOrder {index:6;}">
                    <Coords points="1013,2012 1013,2072 1075,2072 1075,2012"/>
                    <TextEquiv>
                        <Unicode>sehr</Unicode>
                    </TextEquiv>
                </Word>
                <Word id="r_10_tl_36_w8" custom="readingOrder {index:7;}">
                    <Coords points="1105,2012 1105,2072 1149,2072 1149,2012"/>
                    <TextEquiv>
                        <Unicode>oft</Unicode>
                    </TextEquiv>
                </Word>
                <Word id="r_10_tl_36_w9" custom="readingOrder {index:8;}">
                    <Coords points="1167,2009 1167,2069 1285,2069 1285,2009"/>
                    <TextEquiv>
                        <Unicode>gemal¬</Unicode>
                    </TextEquiv>
                </Word>
                <TextEquiv>
                    <Unicode>erste das Glück des Landmannes mit sehr oft gemal¬</Unicode>
                </TextEquiv>
            </TextLine>
            <TextLine id="r_10_tl_37" custom="readingOrder {index:36;}">
                <Coords points="285,2109 920,2134 1283,2109 1285,2061 285,2074"/>
                <Baseline points="298,2107 304,2107 349,2107 394,2107 438,2104 483,2104 528,2104 573,2104 618,2104 662,2104 707,2104 752,2101 797,2101 841,2101 886,2101 931,2101 976,2101 1021,2101 1065,2098 1110,2098 1155,2098 1200,2095 1244,2095 1289,2095"/>
                <Word id="r_10_tl_37_w1" custom="readingOrder {index:0;}">
                    <Coords points="291,2067 291,2127 334,2127 334,2067"/>
                    <TextEquiv>
                        <Unicode>ten</Unicode>
                    </TextEquiv>
                </Word>
                <Word id="r_10_tl_37_w2" custom="readingOrder {index:1;}">
                    <Coords points="367,2066 367,2126 426,2126 426,2066"/>
                    <TextEquiv>
                        <Unicode>und</Unicode>
                    </TextEquiv>
                </Word>
                <Word id="r_10_tl_37_w3" custom="readingOrder {index:2;}">
                    <Coords points="449,2064 449,2124 497,2124 497,2064"/>
                    <TextEquiv>
                        <Unicode>bis</Unicode>
                    </TextEquiv>
                </Word>
                <Word id="r_10_tl_37_w4" custom="readingOrder {index:3;}">
                    <Coords points="520,2064 520,2124 573,2124 573,2064"/>
                    <TextEquiv>
                        <Unicode>zum</Unicode>
                    </TextEquiv>
                </Word>
                <Word id="r_10_tl_37_w5" custom="readingOrder {index:4;}">
                    <Coords points="618,2064 618,2124 792,2124 792,2064"/>
                    <TextEquiv>
                        <Unicode>Niedrigen</Unicode>
                    </TextEquiv>
                </Word>
                <Word id="r_10_tl_37_w6" custom="readingOrder {index:5;}">
                    <Coords points="820,2061 820,2121 1043,2121 1043,2061"/>
                    <TextEquiv>
                        <Unicode>wiederholten</Unicode>
                    </TextEquiv>
                </Word>
                <Word id="r_10_tl_37_w7" custom="readingOrder {index:6;}">
                    <Coords points="1070,2058 1070,2118 1228,2118 1228,2058"/>
                    <TextEquiv>
                        <Unicode>Bildern,</Unicode>
                    </TextEquiv>
                </Word>
                <Word id="r_10_tl_37_w8" custom="readingOrder {index:7;}">
                    <Coords points="1245,2055 1245,2115 1271,2115 1271,2055"/>
                    <TextEquiv>
                        <Unicode>in</Unicode>
                    </TextEquiv>
                </Word>
                <TextEquiv>
                    <Unicode>ten und bis zum Niedrigen wiederholten Bildern, in</Unicode>
                </TextEquiv>
            </TextLine>
            <TextLine id="r_10_tl_38" custom="readingOrder {index:37;}">
                <Coords points="285,2167 1278,2160 1280,2102 1245,2099 287,2117"/>
                <Baseline points="298,2152 343,2155 388,2155 432,2155 477,2155 522,2155 567,2155 612,2152 656,2152 701,2152 746,2149 791,2152 835,2149 880,2149 925,2149 970,2149 1015,2146 1059,2146 1104,2146 1149,2146 1194,2143 1238,2146 1283,2146"/>
                <Word id="r_10_tl_38_w1" custom="readingOrder {index:0;}">
                    <Coords points="291,2113 291,2173 341,2173 341,2113"/>
                    <TextEquiv>
                        <Unicode>die</Unicode>
                    </TextEquiv>
                </Word>
                <Word id="r_10_tl_38_w2" custom="readingOrder {index:1;}">
                    <Coords points="363,2115 363,2175 407,2175 407,2115"/>
                    <TextEquiv>
                        <Unicode>sich</Unicode>
                    </TextEquiv>
                </Word>
                <Word id="r_10_tl_38_w3" custom="readingOrder {index:2;}">
                    <Coords points="441,2115 441,2175 530,2175 530,2115"/>
                    <TextEquiv>
                        <Unicode>selten</Unicode>
                    </TextEquiv>
                </Word>
                <Word id="r_10_tl_38_w4" custom="readingOrder {index:3;}">
                    <Coords points="559,2112 559,2172 636,2172 636,2112"/>
                    <TextEquiv>
                        <Unicode>neue</Unicode>
                    </TextEquiv>
                </Word>
                <Word id="r_10_tl_38_w5" custom="readingOrder {index:4;}">
                    <Coords points="659,2112 659,2172 742,2172 742,2112"/>
                    <TextEquiv>
                        <Unicode>Züge</Unicode>
                    </TextEquiv>
                </Word>
                <Word id="r_10_tl_38_w6" custom="readingOrder {index:5;}">
                    <Coords points="770,2109 770,2169 893,2169 893,2109"/>
                    <TextEquiv>
                        <Unicode>weben.</Unicode>
                    </TextEquiv>
                </Word>
                <Word id="r_10_tl_38_w7" custom="readingOrder {index:6;}">
                    <Coords points="943,2108 943,2168 1015,2168 1015,2108"/>
                    <TextEquiv>
                        <Unicode>Die</Unicode>
                    </TextEquiv>
                </Word>
                <Word id="r_10_tl_38_w8" custom="readingOrder {index:7;}">
                    <Coords points="1039,2106 1039,2166 1155,2166 1155,2106"/>
                    <TextEquiv>
                        <Unicode>zweyte</Unicode>
                    </TextEquiv>
                </Word>
                <Word id="r_10_tl_38_w9" custom="readingOrder {index:8;}">
                    <Coords points="1183,2105 1183,2165 1283,2165 1283,2105"/>
                    <TextEquiv>
                        <Unicode>seufzt</Unicode>
                    </TextEquiv>
                </Word>
                <TextEquiv>
                    <Unicode>die sich selten neue Züge weben. Die zweyte seufzt</Unicode>
                </TextEquiv>
            </TextLine>
            <TextLine id="r_10_tl_39" custom="readingOrder {index:38;}">
                <Coords points="287,2218 1247,2208 1283,2160 287,2170"/>
                <Baseline points="301,2203 343,2203 388,2203 432,2203 477,2203 522,2203 567,2200 612,2200 656,2200 701,2200 746,2197 791,2197 835,2197 880,2194 925,2197 970,2194 1015,2194 1059,2194 1104,2194 1149,2194 1194,2194 1238,2191 1283,2191"/>
                <Word id="r_10_tl_39_w1" custom="readingOrder {index:0;}">
                    <Coords points="293,2163 293,2223 373,2223 373,2163"/>
                    <TextEquiv>
                        <Unicode>über</Unicode>
                    </TextEquiv>
                </Word>
                <Word id="r_10_tl_39_w2" custom="readingOrder {index:1;}">
                    <Coords points="396,2163 396,2223 444,2223 444,2163"/>
                    <TextEquiv>
                        <Unicode>die</Unicode>
                    </TextEquiv>
                </Word>
                <Word id="r_10_tl_39_w3" custom="readingOrder {index:2;}">
                    <Coords points="466,2162 466,2222 601,2222 601,2162"/>
                    <TextEquiv>
                        <Unicode>Unruhe</Unicode>
                    </TextEquiv>
                </Word>
                <Word id="r_10_tl_39_w4" custom="readingOrder {index:3;}">
                    <Coords points="629,2160 629,2220 677,2220 677,2160"/>
                    <TextEquiv>
                        <Unicode>des</Unicode>
                    </TextEquiv>
                </Word>
                <Word id="r_10_tl_39_w5" custom="readingOrder {index:4;}">
                    <Coords points="711,2157 711,2217 873,2217 873,2157"/>
                    <TextEquiv>
                        <Unicode>Krieges,</Unicode>
                    </TextEquiv>
                </Word>
                <Word id="r_10_tl_39_w6" custom="readingOrder {index:5;}">
                    <Coords points="901,2155 901,2215 993,2215 993,2155"/>
                    <TextEquiv>
                        <Unicode>dessen</Unicode>
                    </TextEquiv>
                </Word>
                <Word id="r_10_tl_39_w7" custom="readingOrder {index:6;}">
                    <Coords points="1020,2154 1020,2214 1280,2214 1280,2154"/>
                    <TextEquiv>
                        <Unicode>brennender</Unicode>
                    </TextEquiv>
                </Word>
                <TextEquiv>
                    <Unicode>über die Unruhe des Krieges, dessen brennender</Unicode>
                </TextEquiv>
            </TextLine>
            <TextLine id="r_10_tl_40" custom="readingOrder {index:39;}">
                <Coords points="285,2255 1285,2253 1263,2197 285,2220"/>
                <Baseline points="298,2248 307,2248 352,2248 397,2248 441,2245 486,2245 531,2245 576,2245 620,2245 665,2242 710,2242 755,2242 800,2242 844,2242 889,2239 934,2242 979,2242 1024,2245 1068,2242 1113,2242 1158,2242 1203,2242 1247,2239 1292,2239"/>
                <Word id="r_10_tl_40_w1" custom="readingOrder {index:0;}">
                    <Coords points="289,2208 289,2268 452,2268 452,2208"/>
                    <TextEquiv>
                        <Unicode>Gedanke</Unicode>
                    </TextEquiv>
                </Word>
                <Word id="r_10_tl_40_w2" custom="readingOrder {index:1;}">
                    <Coords points="472,2205 472,2265 516,2265 516,2205"/>
                    <TextEquiv>
                        <Unicode>die</Unicode>
                    </TextEquiv>
                </Word>
                <Word id="r_10_tl_40_w3" custom="readingOrder {index:2;}">
                    <Coords points="542,2204 542,2264 705,2264 705,2204"/>
                    <TextEquiv>
                        <Unicode>klopfende</Unicode>
                    </TextEquiv>
                </Word>
                <Word id="r_10_tl_40_w4" custom="readingOrder {index:3;}">
                    <Coords points="725,2202 725,2262 828,2262 828,2202"/>
                    <TextEquiv>
                        <Unicode>Brust</Unicode>
                    </TextEquiv>
                </Word>
                <Word id="r_10_tl_40_w5" custom="readingOrder {index:4;}">
                    <Coords points="853,2200 853,2260 962,2260 962,2200"/>
                    <TextEquiv>
                        <Unicode>unsers</Unicode>
                    </TextEquiv>
                </Word>
                <Word id="r_10_tl_40_w6" custom="readingOrder {index:5;}">
                    <Coords points="987,2202 987,2262 1283,2262 1283,2202"/>
                    <TextEquiv>
                        <Unicode>menschenfreund¬</Unicode>
                    </TextEquiv>
                </Word>
                <TextEquiv>
                    <Unicode>Gedanke die klopfende Brust unsers menschenfreund¬</Unicode>
                </TextEquiv>
            </TextLine>
            <TextLine id="r_10_tl_41" custom="readingOrder {index:40;}">
                <Coords points="287,2306 1280,2298 1280,2253 1240,2250 287,2255"/>
                <Baseline points="301,2298 346,2295 391,2292 435,2289 480,2289 525,2289 570,2289 615,2286 659,2286 704,2286 749,2286 794,2286 838,2283 883,2286 928,2289 973,2289 1018,2292 1062,2292 1107,2289 1152,2289 1197,2289 1241,2289 1286,2286"/>
                <Word id="r_10_tl_41_w1" custom="readingOrder {index:0;}">
                    <Coords points="292,2255 292,2315 387,2315 387,2255"/>
                    <TextEquiv>
                        <Unicode>lichen</Unicode>
                    </TextEquiv>
                </Word>
                <Word id="r_10_tl_41_w2" custom="readingOrder {index:1;}">
                    <Coords points="417,2249 417,2309 623,2309 623,2249"/>
                    <TextEquiv>
                        <Unicode>Betrachters</Unicode>
                    </TextEquiv>
                </Word>
                <Word id="r_10_tl_41_w3" custom="readingOrder {index:2;}">
                    <Coords points="649,2246 649,2306 840,2306 840,2246"/>
                    <TextEquiv>
                        <Unicode>durchbort:</Unicode>
                    </TextEquiv>
                </Word>
                <Word id="r_10_tl_41_w4" custom="readingOrder {index:3;}">
                    <Coords points="866,2246 866,2306 926,2306 926,2246"/>
                    <TextEquiv>
                        <Unicode>und</Unicode>
                    </TextEquiv>
                </Word>
                <Word id="r_10_tl_41_w5" custom="readingOrder {index:4;}">
                    <Coords points="957,2251 957,2311 1077,2311 1077,2251"/>
                    <TextEquiv>
                        <Unicode>schließt</Unicode>
                    </TextEquiv>
                </Word>
                <Word id="r_10_tl_41_w6" custom="readingOrder {index:5;}">
                    <Coords points="1108,2249 1108,2309 1172,2309 1172,2249"/>
                    <TextEquiv>
                        <Unicode>nach</Unicode>
                    </TextEquiv>
                </Word>
                <Word id="r_10_tl_41_w7" custom="readingOrder {index:6;}">
                    <Coords points="1208,2248 1208,2308 1278,2308 1278,2248"/>
                    <TextEquiv>
                        <Unicode>gro¬</Unicode>
                    </TextEquiv>
                </Word>
                <TextEquiv>
                    <Unicode>lichen Betrachters durchbort: und schließt nach gro¬</Unicode>
                </TextEquiv>
            </TextLine>
            <TextLine id="r_10_tl_42" custom="readingOrder {index:41;}">
                <Coords points="292,2361 1280,2351 1280,2298 292,2311"/>
                <Baseline points="307,2343 346,2343 391,2340 435,2337 480,2337 525,2334 570,2334 615,2334 659,2334 704,2331 749,2331 794,2331 838,2331 883,2334 928,2334 973,2337 1018,2337 1062,2340 1107,2340 1152,2340 1197,2337 1241,2337 1286,2334"/>
                <Word id="r_10_tl_42_w1" custom="readingOrder {index:0;}">
                    <Coords points="293,2303 293,2363 349,2363 349,2303"/>
                    <TextEquiv>
                        <Unicode>ßen</Unicode>
                    </TextEquiv>
                </Word>
                <Word id="r_10_tl_42_w2" custom="readingOrder {index:1;}">
                    <Coords points="383,2295 383,2355 609,2355 609,2295"/>
                    <TextEquiv>
                        <Unicode>Umschweifen</Unicode>
                    </TextEquiv>
                </Word>
                <Word id="r_10_tl_42_w3" custom="readingOrder {index:2;}">
                    <Coords points="644,2292 644,2352 705,2352 705,2292"/>
                    <TextEquiv>
                        <Unicode>mit</Unicode>
                    </TextEquiv>
                </Word>
                <Word id="r_10_tl_42_w4" custom="readingOrder {index:3;}">
                    <Coords points="734,2291 734,2351 813,2351 813,2291"/>
                    <TextEquiv>
                        <Unicode>einer</Unicode>
                    </TextEquiv>
                </Word>
                <Word id="r_10_tl_42_w5" custom="readingOrder {index:4;}">
                    <Coords points="842,2294 842,2354 1034,2354 1034,2294"/>
                    <TextEquiv>
                        <Unicode>Apostrophe</Unicode>
                    </TextEquiv>
                </Word>
                <Word id="r_10_tl_42_w6" custom="readingOrder {index:5;}">
                    <Coords points="1068,2300 1068,2360 1096,2360 1096,2300"/>
                    <TextEquiv>
                        <Unicode>an</Unicode>
                    </TextEquiv>
                </Word>
                <Word id="r_10_tl_42_w7" custom="readingOrder {index:6;}">
                    <Coords points="1131,2299 1131,2359 1181,2359 1181,2299"/>
                    <TextEquiv>
                        <Unicode>den</Unicode>
                    </TextEquiv>
                </Word>
                <Word id="r_10_tl_42_w8" custom="readingOrder {index:7;}">
                    <Coords points="1215,2296 1215,2356 1282,2356 1282,2296"/>
                    <TextEquiv>
                        <Unicode>ver¬</Unicode>
                    </TextEquiv>
                </Word>
                <TextEquiv>
                    <Unicode>ßen Umschweifen mit einer Apostrophe an den ver¬</Unicode>
                </TextEquiv>
            </TextLine>
            <TextLine id="r_10_tl_43" custom="readingOrder {index:42;}">
                <Coords points="290,2402 1278,2399 1278,2346 1210,2339 290,2364"/>
                <Baseline points="304,2388 349,2388 394,2388 438,2385 483,2382 528,2382 573,2382 618,2379 662,2379 707,2379 752,2379 797,2376 841,2379 886,2382 931,2385 976,2385 1021,2388 1065,2388 1110,2388 1155,2388 1200,2388 1244,2385 1283,2388"/>
                <Word id="r_10_tl_43_w1" custom="readingOrder {index:0;}">
                    <Coords points="296,2348 296,2408 428,2408 428,2348"/>
                    <TextEquiv>
                        <Unicode>ewigten</Unicode>
                    </TextEquiv>
                </Word>
                <Word id="r_10_tl_43_w2" custom="readingOrder {index:1;}">
                    <Coords points="457,2342 457,2402 650,2402 650,2342"/>
                    <TextEquiv>
                        <Unicode>Geßner,</Unicode>
                    </TextEquiv>
                </Word>
                <Word id="r_10_tl_43_w3" custom="readingOrder {index:2;}">
                    <Coords points="673,2339 673,2399 722,2399 722,2339"/>
                    <TextEquiv>
                        <Unicode>die</Unicode>
                    </TextEquiv>
                </Word>
                <Word id="r_10_tl_43_w4" custom="readingOrder {index:3;}">
                    <Coords points="745,2336 745,2396 849,2396 849,2336"/>
                    <TextEquiv>
                        <Unicode>unserm</Unicode>
                    </TextEquiv>
                </Word>
                <Word id="r_10_tl_43_w5" custom="readingOrder {index:4;}">
                    <Coords points="889,2347 889,2407 1148,2407 1148,2347"/>
                    <TextEquiv>
                        <Unicode>ungeistigen</Unicode>
                    </TextEquiv>
                </Word>
                <Word id="r_10_tl_43_w6" custom="readingOrder {index:5;}">
                    <Coords points="1177,2346 1177,2406 1281,2406 1281,2346"/>
                    <TextEquiv>
                        <Unicode>Auge,</Unicode>
                    </TextEquiv>
                </Word>
                <TextEquiv>
                    <Unicode>ewigten Geßner, die unserm ungeistigen Auge,</Unicode>
                </TextEquiv>
            </TextLine>
            <TextLine id="r_10_tl_44" custom="readingOrder {index:43;}">
                <Coords points="285,2447 1280,2447 1280,2402 1217,2391 285,2402"/>
                <Baseline points="298,2439 301,2439 346,2439 391,2436 435,2433 480,2433 525,2430 570,2430 615,2427 659,2427 704,2427 749,2424 794,2427 838,2427 883,2430 928,2433 973,2433 1018,2436 1062,2433 1107,2436 1152,2436 1197,2433 1241,2433 1286,2433"/>
                <Word id="r_10_tl_44_w1" custom="readingOrder {index:0;}">
                    <Coords points="292,2399 292,2459 345,2459 345,2399"/>
                    <TextEquiv>
                        <Unicode>dem</Unicode>
                    </TextEquiv>
                </Word>
                <Word id="r_10_tl_44_w2" custom="readingOrder {index:1;}">
                    <Coords points="387,2393 387,2453 529,2453 529,2393"/>
                    <TextEquiv>
                        <Unicode>Wunsch</Unicode>
                    </TextEquiv>
                </Word>
                <Word id="r_10_tl_44_w3" custom="readingOrder {index:2;}">
                    <Coords points="559,2388 559,2448 618,2448 618,2388"/>
                    <TextEquiv>
                        <Unicode>und</Unicode>
                    </TextEquiv>
                </Word>
                <Word id="r_10_tl_44_w4" custom="readingOrder {index:3;}">
                    <Coords points="654,2387 654,2447 701,2447 701,2387"/>
                    <TextEquiv>
                        <Unicode>der</Unicode>
                    </TextEquiv>
                </Word>
                <Word id="r_10_tl_44_w5" custom="readingOrder {index:4;}">
                    <Coords points="731,2387 731,2447 944,2447 944,2387"/>
                    <TextEquiv>
                        <Unicode>Verbindung</Unicode>
                    </TextEquiv>
                </Word>
                <Word id="r_10_tl_44_w6" custom="readingOrder {index:5;}">
                    <Coords points="980,2395 980,2455 1069,2455 1069,2395"/>
                    <TextEquiv>
                        <Unicode>nach,</Unicode>
                    </TextEquiv>
                </Word>
                <Word id="r_10_tl_44_w7" custom="readingOrder {index:6;}">
                    <Coords points="1093,2396 1093,2456 1134,2456 1134,2396"/>
                    <TextEquiv>
                        <Unicode>ein</Unicode>
                    </TextEquiv>
                </Word>
                <Word id="r_10_tl_44_w8" custom="readingOrder {index:7;}">
                    <Coords points="1164,2393 1164,2453 1282,2453 1282,2393"/>
                    <TextEquiv>
                        <Unicode>Rätzel</Unicode>
                    </TextEquiv>
                </Word>
                <TextEquiv>
                    <Unicode>dem Wunsch und der Verbindung nach, ein Rätzel</Unicode>
                </TextEquiv>
            </TextLine>
            <TextLine id="r_10_tl_45" custom="readingOrder {index:44;}">
                <Coords points="290,2497 1283,2490 1283,2444 1157,2437 290,2447"/>
                <Baseline points="304,2483 346,2486 391,2486 435,2480 480,2483 525,2480 570,2477 615,2477 659,2475 704,2475 749,2475 794,2475 838,2475 883,2477 928,2477 973,2480 1018,2483 1062,2480 1107,2483 1152,2480 1197,2483 1241,2483 1286,2480"/>
                <Word id="r_10_tl_45_w1" custom="readingOrder {index:0;}">
                    <Coords points="298,2446 298,2506 417,2506 417,2446"/>
                    <TextEquiv>
                        <Unicode>bleibt:</Unicode>
                    </TextEquiv>
                </Word>
                <Word id="r_10_tl_45_w2" custom="readingOrder {index:1;}">
                    <Coords points="448,2442 448,2502 489,2502 489,2442"/>
                    <TextEquiv>
                        <Unicode>"O</Unicode>
                    </TextEquiv>
                </Word>
                <Word id="r_10_tl_45_w3" custom="readingOrder {index:2;}">
                    <Coords points="532,2435 532,2495 743,2495 743,2435"/>
                    <TextEquiv>
                        <Unicode>vortreflicher</Unicode>
                    </TextEquiv>
                </Word>
                <Word id="r_10_tl_45_w4" custom="readingOrder {index:3;}">
                    <Coords points="768,2435 768,2495 899,2495 899,2435"/>
                    <TextEquiv>
                        <Unicode>Mann,</Unicode>
                    </TextEquiv>
                </Word>
                <Word id="r_10_tl_45_w5" custom="readingOrder {index:4;}">
                    <Coords points="930,2438 930,2498 984,2498 984,2438"/>
                    <TextEquiv>
                        <Unicode>den</Unicode>
                    </TextEquiv>
                </Word>
                <Word id="r_10_tl_45_w6" custom="readingOrder {index:5;}">
                    <Coords points="1015,2441 1015,2501 1056,2501 1056,2441"/>
                    <TextEquiv>
                        <Unicode>ich</Unicode>
                    </TextEquiv>
                </Word>
                <Word id="r_10_tl_45_w7" custom="readingOrder {index:6;}">
                    <Coords points="1081,2442 1081,2502 1153,2502 1153,2442"/>
                    <TextEquiv>
                        <Unicode>ewig</Unicode>
                    </TextEquiv>
                </Word>
                <Word id="r_10_tl_45_w8" custom="readingOrder {index:7;}">
                    <Coords points="1183,2443 1183,2503 1267,2503 1267,2443"/>
                    <TextEquiv>
                        <Unicode>ehren</Unicode>
                    </TextEquiv>
                </Word>
                <TextEquiv>
                    <Unicode>bleibt: "O vortreflicher Mann, den ich ewig ehren</Unicode>
                </TextEquiv>
            </TextLine>
            <TextLine id="r_10_tl_46" custom="readingOrder {index:45;}">
                <Coords points="285,2538 1283,2540 1283,2490 1252,2487 285,2492"/>
                <Baseline points="298,2519 343,2528 388,2534 432,2531 477,2531 522,2531 567,2528 612,2525 656,2525 701,2525 746,2522 791,2522 835,2522 880,2522 925,2525 970,2528 1015,2528 1059,2528 1104,2531 1149,2531 1194,2531 1238,2531 1283,2528 1289,2528"/>
                <Word id="r_10_tl_46_w1" custom="readingOrder {index:0;}">
                    <Coords points="293,2490 293,2550 435,2550 435,2490"/>
                    <TextEquiv>
                        <Unicode>„werde,</Unicode>
                    </TextEquiv>
                </Word>
                <Word id="r_10_tl_46_w2" custom="readingOrder {index:1;}">
                    <Coords points="460,2490 460,2550 602,2550 602,2490"/>
                    <TextEquiv>
                        <Unicode>könntest</Unicode>
                    </TextEquiv>
                </Word>
                <Word id="r_10_tl_46_w3" custom="readingOrder {index:2;}">
                    <Coords points="622,2485 622,2545 652,2545 652,2485"/>
                    <TextEquiv>
                        <Unicode>du</Unicode>
                    </TextEquiv>
                </Word>
                <Word id="r_10_tl_46_w4" custom="readingOrder {index:3;}">
                    <Coords points="684,2482 684,2542 789,2542 789,2482"/>
                    <TextEquiv>
                        <Unicode>deinen</Unicode>
                    </TextEquiv>
                </Word>
                <Word id="r_10_tl_46_w5" custom="readingOrder {index:4;}">
                    <Coords points="821,2485 821,2545 1055,2545 1055,2485"/>
                    <TextEquiv>
                        <Unicode>Sokrates,</Unicode>
                    </TextEquiv>
                </Word>
                <Word id="r_10_tl_46_w6" custom="readingOrder {index:5;}">
                    <Coords points="1075,2491 1075,2551 1179,2551 1179,2491"/>
                    <TextEquiv>
                        <Unicode>deinen</Unicode>
                    </TextEquiv>
                </Word>
                <Word id="r_10_tl_46_w7" custom="readingOrder {index:6;}">
                    <Coords points="1211,2490 1211,2550 1279,2550 1279,2490"/>
                    <TextEquiv>
                        <Unicode>Xe¬</Unicode>
                    </TextEquiv>
                </Word>
                <TextEquiv>
                    <Unicode>„werde, könntest du deinen Sokrates, deinen Xe¬</Unicode>
                </TextEquiv>
            </TextLine>
            <TextLine id="r_10_tl_47" custom="readingOrder {index:46;}">
                <Coords points="287,2578 1280,2586 1250,2535 287,2540"/>
                <Baseline points="301,2567 346,2579 391,2582 435,2582 480,2582 525,2579 570,2576 615,2576 659,2576 704,2573 749,2570 794,2570 838,2567 883,2570 928,2570 973,2573 1018,2573 1062,2576 1107,2576 1152,2576 1197,2576 1241,2576 1286,2579"/>
                <Word id="r_10_tl_47_w1" custom="readingOrder {index:0;}">
                    <Coords points="296,2541 296,2601 481,2601 481,2541"/>
                    <TextEquiv>
                        <Unicode>„nophon</Unicode>
                    </TextEquiv>
                </Word>
                <Word id="r_10_tl_47_w2" custom="readingOrder {index:1;}">
                    <Coords points="507,2538 507,2598 570,2598 570,2538"/>
                    <TextEquiv>
                        <Unicode>und</Unicode>
                    </TextEquiv>
                </Word>
                <Word id="r_10_tl_47_w3" custom="readingOrder {index:2;}">
                    <Coords points="596,2535 596,2595 737,2595 737,2535"/>
                    <TextEquiv>
                        <Unicode>Cicero</Unicode>
                    </TextEquiv>
                </Word>
                <Word id="r_10_tl_47_w4" custom="readingOrder {index:3;}">
                    <Coords points="763,2530 763,2590 789,2590 789,2530"/>
                    <TextEquiv>
                        <Unicode>in</Unicode>
                    </TextEquiv>
                </Word>
                <Word id="r_10_tl_47_w5" custom="readingOrder {index:4;}">
                    <Coords points="815,2527 815,2587 865,2587 865,2527"/>
                    <TextEquiv>
                        <Unicode>die</Unicode>
                    </TextEquiv>
                </Word>
                <Word id="r_10_tl_47_w6" custom="readingOrder {index:5;}">
                    <Coords points="879,2530 879,2590 968,2590 968,2530"/>
                    <TextEquiv>
                        <Unicode>Hölle</Unicode>
                    </TextEquiv>
                </Word>
                <Word id="r_10_tl_47_w7" custom="readingOrder {index:6;}">
                    <Coords points="988,2535 988,2595 1115,2595 1115,2535"/>
                    <TextEquiv>
                        <Unicode>stoßen?</Unicode>
                    </TextEquiv>
                </Word>
                <Word id="r_10_tl_47_w8" custom="readingOrder {index:7;}">
                    <Coords points="1136,2536 1136,2596 1167,2596 1167,2536"/>
                    <TextEquiv>
                        <Unicode>sie</Unicode>
                    </TextEquiv>
                </Word>
                <Word id="r_10_tl_47_w9" custom="readingOrder {index:8;}">
                    <Coords points="1187,2536 1187,2596 1269,2596 1269,2536"/>
                    <TextEquiv>
                        <Unicode>solten</Unicode>
                    </TextEquiv>
                </Word>
                <TextEquiv>
                    <Unicode>„nophon und Cicero in die Hölle stoßen? sie solten</Unicode>
                </TextEquiv>
            </TextLine>
            <TextLine id="r_10_tl_48" custom="readingOrder {index:47;}">
                <Coords points="290,2638 1273,2638 1273,2586 1212,2580 290,2588"/>
                <Baseline points="304,2615 349,2624 394,2627 438,2630 483,2627 528,2627 573,2627 618,2624 662,2624 707,2621 752,2621 797,2618 841,2618 886,2615 931,2615 976,2618 1021,2618 1065,2621 1110,2624 1155,2624 1200,2624 1244,2624 1280,2624"/>
                <Word id="r_10_tl_48_w1" custom="readingOrder {index:0;}">
                    <Coords points="304,2586 304,2646 477,2646 477,2586"/>
                    <TextEquiv>
                        <Unicode>Lieblinge</Unicode>
                    </TextEquiv>
                </Word>
                <Word id="r_10_tl_48_w2" custom="readingOrder {index:1;}">
                    <Coords points="497,2587 497,2647 544,2647 544,2587"/>
                    <TextEquiv>
                        <Unicode>des</Unicode>
                    </TextEquiv>
                </Word>
                <Word id="r_10_tl_48_w3" custom="readingOrder {index:2;}">
                    <Coords points="569,2584 569,2644 702,2644 702,2584"/>
                    <TextEquiv>
                        <Unicode>Satans</Unicode>
                    </TextEquiv>
                </Word>
                <Word id="r_10_tl_48_w4" custom="readingOrder {index:3;}">
                    <Coords points="726,2578 726,2638 876,2638 876,2578"/>
                    <TextEquiv>
                        <Unicode>werden?</Unicode>
                    </TextEquiv>
                </Word>
                <Word id="r_10_tl_48_w5" custom="readingOrder {index:4;}">
                    <Coords points="902,2575 902,2635 955,2635 955,2575"/>
                    <TextEquiv>
                        <Unicode>Jch</Unicode>
                    </TextEquiv>
                </Word>
                <Word id="r_10_tl_48_w6" custom="readingOrder {index:5;}">
                    <Coords points="980,2579 980,2639 1112,2639 1112,2579"/>
                    <TextEquiv>
                        <Unicode>bestreue</Unicode>
                    </TextEquiv>
                </Word>
                <Word id="r_10_tl_48_w7" custom="readingOrder {index:6;}">
                    <Coords points="1125,2584 1125,2644 1185,2644 1185,2584"/>
                    <TextEquiv>
                        <Unicode>mit</Unicode>
                    </TextEquiv>
                </Word>
                <Word id="r_10_tl_48_w8" custom="readingOrder {index:7;}">
                    <Coords points="1197,2584 1197,2644 1257,2644 1257,2584"/>
                    <TextEquiv>
                        <Unicode>Blu</Unicode>
                    </TextEquiv>
                </Word>
                <TextEquiv>
                    <Unicode>Lieblinge des Satans werden? Jch bestreue mit Blu</Unicode>
                </TextEquiv>
            </TextLine>
            <TextLine id="r_10_tl_49" custom="readingOrder {index:48;}">
                <Coords points="287,2689 1280,2684 1280,2638 1119,2626 287,2641"/>
                <Baseline points="301,2672 346,2675 391,2678 435,2675 480,2675 525,2672 570,2672 615,2669 659,2666 704,2669 749,2669 794,2666 838,2666 883,2666 928,2666 973,2666 1018,2666 1062,2669 1107,2672 1152,2672 1197,2672 1241,2672 1283,2672"/>
                <Word id="r_10_tl_49_w1" custom="readingOrder {index:0;}">
                    <Coords points="295,2634 295,2694 386,2694 386,2634"/>
                    <TextEquiv>
                        <Unicode>7men</Unicode>
                    </TextEquiv>
                </Word>
                <Word id="r_10_tl_49_w2" custom="readingOrder {index:1;}">
                    <Coords points="418,2635 418,2695 478,2695 478,2635"/>
                    <TextEquiv>
                        <Unicode>dein</Unicode>
                    </TextEquiv>
                </Word>
                <Word id="r_10_tl_49_w3" custom="readingOrder {index:2;}">
                    <Coords points="504,2631 504,2691 644,2691 644,2631"/>
                    <TextEquiv>
                        <Unicode>Grab!"</Unicode>
                    </TextEquiv>
                </Word>
                <Word id="r_10_tl_49_w4" custom="readingOrder {index:3;}">
                    <Coords points="669,2627 669,2687 681,2687 681,2627"/>
                    <TextEquiv>
                        <Unicode>—</Unicode>
                    </TextEquiv>
                </Word>
                <Word id="r_10_tl_49_w5" custom="readingOrder {index:4;}">
                    <Coords points="737,2627 737,2687 810,2687 810,2627"/>
                    <TextEquiv>
                        <Unicode>Die</Unicode>
                    </TextEquiv>
                </Word>
                <Word id="r_10_tl_49_w6" custom="readingOrder {index:5;}">
                    <Coords points="829,2626 829,2686 920,2686 920,2626"/>
                    <TextEquiv>
                        <Unicode>dritte</Unicode>
                    </TextEquiv>
                </Word>
                <Word id="r_10_tl_49_w7" custom="readingOrder {index:6;}">
                    <Coords points="940,2626 940,2686 1031,2686 1031,2626"/>
                    <TextEquiv>
                        <Unicode>flucht</Unicode>
                    </TextEquiv>
                </Word>
                <Word id="r_10_tl_49_w8" custom="readingOrder {index:7;}">
                    <Coords points="1050,2630 1050,2690 1105,2690 1105,2630"/>
                    <TextEquiv>
                        <Unicode>auf</Unicode>
                    </TextEquiv>
                </Word>
                <Word id="r_10_tl_49_w9" custom="readingOrder {index:8;}">
                    <Coords points="1124,2632 1124,2692 1172,2692 1172,2632"/>
                    <TextEquiv>
                        <Unicode>die</Unicode>
                    </TextEquiv>
                </Word>
                <Word id="r_10_tl_49_w10" custom="readingOrder {index:9;}">
                    <Coords points="1191,2632 1191,2692 1276,2692 1276,2632"/>
                    <TextEquiv>
                        <Unicode>Heu¬</Unicode>
                    </TextEquiv>
                </Word>
                <TextEquiv>
                    <Unicode>7men dein Grab!" — Die dritte flucht auf die Heu¬</Unicode>
                </TextEquiv>
            </TextLine>
            <TextLine id="r_10_tl_50" custom="readingOrder {index:49;}">
                <Coords points="282,2742 1441,2757 1441,2684 1391,2679 282,2694"/>
                <Baseline points="295,2728 310,2728 355,2728 400,2728 444,2728 489,2725 534,2725 579,2725 623,2722 668,2722 713,2722 758,2719 803,2719 847,2716 892,2713 937,2716 982,2716 1027,2719 1071,2719 1116,2719 1161,2722 1206,2722 1250,2722 1295,2722 1319,2722 1364,2722 1409,2722 1447,2722"/>
                <Word id="r_10_tl_50_w1" custom="readingOrder {index:0;}">
                    <Coords points="294,2688 294,2748 408,2748 408,2688"/>
                    <TextEquiv>
                        <Unicode>cheley,</Unicode>
                    </TextEquiv>
                </Word>
                <Word id="r_10_tl_50_w2" custom="readingOrder {index:1;}">
                    <Coords points="417,2688 417,2748 471,2748 471,2688"/>
                    <TextEquiv>
                        <Unicode>und</Unicode>
                    </TextEquiv>
                </Word>
                <Word id="r_10_tl_50_w3" custom="readingOrder {index:2;}">
                    <Coords points="495,2685 495,2745 578,2745 578,2685"/>
                    <TextEquiv>
                        <Unicode>ender</Unicode>
                    </TextEquiv>
                </Word>
                <Word id="r_10_tl_50_w4" custom="readingOrder {index:3;}">
                    <Coords points="594,2682 594,2742 648,2742 648,2682"/>
                    <TextEquiv>
                        <Unicode>sich</Unicode>
                    </TextEquiv>
                </Word>
                <Word id="r_10_tl_50_w5" custom="readingOrder {index:4;}">
                    <Coords points="664,2682 664,2742 717,2742 717,2682"/>
                    <TextEquiv>
                        <Unicode>mit</Unicode>
                    </TextEquiv>
                </Word>
                <Word id="r_10_tl_50_w6" custom="readingOrder {index:5;}">
                    <Coords points="733,2679 733,2739 817,2739 817,2679"/>
                    <TextEquiv>
                        <Unicode>einem</Unicode>
                    </TextEquiv>
                </Word>
                <Word id="r_10_tl_50_w7" custom="readingOrder {index:6;}">
                    <Coords points="857,2677 857,2737 1141,2737 1141,2677"/>
                    <TextEquiv>
                        <Unicode>viereckichten</Unicode>
                    </TextEquiv>
                </Word>
                <Word id="r_10_tl_50_w8" custom="readingOrder {index:7;}">
                    <Coords points="1165,2682 1165,2742 1288,2742 1288,2682"/>
                    <TextEquiv>
                        <Unicode>Mähr=</Unicode>
                    </TextEquiv>
                </Word>
                <Word id="r_10_tl_50_w9" custom="readingOrder {index:8;}">
                    <Coords points="1327,2682 1327,2742 1364,2742 1364,2682"/>
                    <TextEquiv>
                        <Unicode>15</Unicode>
                    </TextEquiv>
                </Word>
                <Word id="r_10_tl_50_w10" custom="readingOrder {index:9;}">
                    <Coords points="1388,2682 1388,2742 1441,2742 1441,2682"/>
                    <TextEquiv>
                        <Unicode>gr.</Unicode>
                    </TextEquiv>
                </Word>
                <TextEquiv>
                    <Unicode>cheley, und ender sich mit einem viereckichten Mähr= 15 gr.</Unicode>
                </TextEquiv>
            </TextLine>
            <TextEquiv>
                <Unicode></Unicode>
            </TextEquiv>
        </TextRegion>
        <TextRegion id="r_11" custom="readingOrder {index:1;}">
            <Coords points="1315,350 2349,350 2349,2754 1315,2754"/>
            <TextLine id="r_11_tl_1" custom="readingOrder {index:0;}">
                <Coords points="1310,449 2311,456 2311,416 2245,406 1310,408"/>
                <Baseline points="1325,438 1370,435 1415,435 1459,435 1504,438 1549,438 1594,441 1639,441 1683,441 1728,441 1773,441 1818,441 1862,438 1907,441 1952,441 1997,441 2042,444 2086,447 2131,444 2176,444 2221,444 2266,447 2310,447 2316,450"/>
                <Word id="r_11_tl_1_w1" custom="readingOrder {index:0;}">
                    <Coords points="1315,395 1315,455 1405,455 1405,395"/>
                    <TextEquiv>
                        <Unicode>tha.</Unicode>
                    </TextEquiv>
                </Word>
                <Word id="r_11_tl_1_w2" custom="readingOrder {index:1;}">
                    <Coords points="1442,396 1442,456 1510,456 1510,396"/>
                    <TextEquiv>
                        <Unicode>Die</Unicode>
                    </TextEquiv>
                </Word>
                <Word id="r_11_tl_1_w3" custom="readingOrder {index:2;}">
                    <Coords points="1532,400 1532,460 1627,460 1627,400"/>
                    <TextEquiv>
                        <Unicode>vierte</Unicode>
                    </TextEquiv>
                </Word>
                <Word id="r_11_tl_1_w4" custom="readingOrder {index:3;}">
                    <Coords points="1648,401 1648,461 1748,461 1748,401"/>
                    <TextEquiv>
                        <Unicode>nennt</Unicode>
                    </TextEquiv>
                </Word>
                <Word id="r_11_tl_1_w5" custom="readingOrder {index:4;}">
                    <Coords points="1770,401 1770,461 1812,461 1812,401"/>
                    <TextEquiv>
                        <Unicode>die</Unicode>
                    </TextEquiv>
                </Word>
                <Word id="r_11_tl_1_w6" custom="readingOrder {index:5;}">
                    <Coords points="1833,400 1833,460 1960,460 1960,400"/>
                    <TextEquiv>
                        <Unicode>Frage:</Unicode>
                    </TextEquiv>
                </Word>
                <Word id="r_11_tl_1_w7" custom="readingOrder {index:6;}">
                    <Coords points="1976,401 1976,461 2039,461 2039,401"/>
                    <TextEquiv>
                        <Unicode>sind</Unicode>
                    </TextEquiv>
                </Word>
                <Word id="r_11_tl_1_w8" custom="readingOrder {index:7;}">
                    <Coords points="2061,404 2061,464 2208,464 2208,404"/>
                    <TextEquiv>
                        <Unicode>fühlbare</Unicode>
                    </TextEquiv>
                </Word>
                <Word id="r_11_tl_1_w9" custom="readingOrder {index:8;}">
                    <Coords points="2225,407 2225,467 2309,467 2309,407"/>
                    <TextEquiv>
                        <Unicode>See¬</Unicode>
                    </TextEquiv>
                </Word>
                <TextEquiv>
                    <Unicode>tha. Die vierte nennt die Frage: sind fühlbare See¬</Unicode>
                </TextEquiv>
            </TextLine>
            <TextLine id="r_11_tl_2" custom="readingOrder {index:1;}">
                <Coords points="1313,499 2306,509 2306,456 1313,446"/>
                <Baseline points="1328,486 1373,483 1418,483 1462,483 1507,483 1552,486 1597,483 1642,489 1686,489 1731,492 1776,489 1821,489 1865,489 1910,489 1955,489 2000,492 2045,492 2089,492 2134,492 2179,492 2224,492 2269,495 2313,495"/>
                <Word id="r_11_tl_2_w1" custom="readingOrder {index:0;}">
                    <Coords points="1319,444 1319,504 1370,504 1370,444"/>
                    <TextEquiv>
                        <Unicode>len</Unicode>
                    </TextEquiv>
                </Word>
                <Word id="r_11_tl_2_w2" custom="readingOrder {index:1;}">
                    <Coords points="1393,443 1393,503 1590,503 1590,443"/>
                    <TextEquiv>
                        <Unicode>glücklicher,</Unicode>
                    </TextEquiv>
                </Word>
                <Word id="r_11_tl_2_w3" custom="readingOrder {index:2;}">
                    <Coords points="1607,447 1607,507 1653,507 1653,447"/>
                    <TextEquiv>
                        <Unicode>als</Unicode>
                    </TextEquiv>
                </Word>
                <Word id="r_11_tl_2_w4" custom="readingOrder {index:3;}">
                    <Coords points="1682,449 1682,509 1867,509 1867,449"/>
                    <TextEquiv>
                        <Unicode>gefühllose.</Unicode>
                    </TextEquiv>
                </Word>
                <Word id="r_11_tl_2_w5" custom="readingOrder {index:4;}">
                    <Coords points="1902,449 1902,509 1969,509 1969,449"/>
                    <TextEquiv>
                        <Unicode>Die</Unicode>
                    </TextEquiv>
                </Word>
                <Word id="r_11_tl_2_w6" custom="readingOrder {index:5;}">
                    <Coords points="1993,452 1993,512 2094,512 2094,452"/>
                    <TextEquiv>
                        <Unicode>fünfte</Unicode>
                    </TextEquiv>
                </Word>
                <Word id="r_11_tl_2_w7" custom="readingOrder {index:6;}">
                    <Coords points="2117,452 2117,512 2241,512 2241,452"/>
                    <TextEquiv>
                        <Unicode>enthält</Unicode>
                    </TextEquiv>
                </Word>
                <Word id="r_11_tl_2_w8" custom="readingOrder {index:7;}">
                    <Coords points="2258,455 2258,515 2303,515 2303,455"/>
                    <TextEquiv>
                        <Unicode>die</Unicode>
                    </TextEquiv>
                </Word>
                <TextEquiv>
                    <Unicode>len glücklicher, als gefühllose. Die fünfte enthält die</Unicode>
                </TextEquiv>
            </TextLine>
            <TextLine id="r_11_tl_3" custom="readingOrder {index:2;}">
                <Coords points="1310,542 2303,559 2303,504 2245,496 1310,504"/>
                <Baseline points="1325,531 1370,531 1415,531 1459,531 1504,531 1549,531 1594,531 1639,531 1683,537 1728,537 1773,540 1818,537 1862,540 1907,540 1952,540 1997,540 2042,540 2086,540 2131,540 2176,540 2221,540 2266,540 2310,546"/>
                <Word id="r_11_tl_3_w1" custom="readingOrder {index:0;}">
                    <Coords points="1322,491 1322,551 1431,551 1431,491"/>
                    <TextEquiv>
                        <Unicode>Reitze</Unicode>
                    </TextEquiv>
                </Word>
                <Word id="r_11_tl_3_w2" custom="readingOrder {index:1;}">
                    <Coords points="1460,491 1460,551 1514,551 1514,491"/>
                    <TextEquiv>
                        <Unicode>des</Unicode>
                    </TextEquiv>
                </Word>
                <Word id="r_11_tl_3_w3" custom="readingOrder {index:2;}">
                    <Coords points="1537,491 1537,551 1714,551 1714,491"/>
                    <TextEquiv>
                        <Unicode>Herbstes,</Unicode>
                    </TextEquiv>
                </Word>
                <Word id="r_11_tl_3_w4" custom="readingOrder {index:3;}">
                    <Coords points="1748,499 1748,559 1797,559 1797,499"/>
                    <TextEquiv>
                        <Unicode>die</Unicode>
                    </TextEquiv>
                </Word>
                <Word id="r_11_tl_3_w5" custom="readingOrder {index:4;}">
                    <Coords points="1831,500 1831,560 1929,560 1929,500"/>
                    <TextEquiv>
                        <Unicode>sechste</Unicode>
                    </TextEquiv>
                </Word>
                <Word id="r_11_tl_3_w6" custom="readingOrder {index:5;}">
                    <Coords points="1958,500 1958,560 2046,560 2046,500"/>
                    <TextEquiv>
                        <Unicode>einen</Unicode>
                    </TextEquiv>
                </Word>
                <Word id="r_11_tl_3_w7" custom="readingOrder {index:6;}">
                    <Coords points="2080,500 2080,560 2300,560 2300,500"/>
                    <TextEquiv>
                        <Unicode>Nachtgesang</Unicode>
                    </TextEquiv>
                </Word>
                <TextEquiv>
                    <Unicode>Reitze des Herbstes, die sechste einen Nachtgesang</Unicode>
                </TextEquiv>
            </TextLine>
            <TextLine id="r_11_tl_4" custom="readingOrder {index:3;}">
                <Coords points="1310,590 2311,600 2283,549 1310,542"/>
                <Baseline points="1325,579 1370,579 1415,579 1459,582 1504,579 1549,579 1594,579 1639,579 1683,579 1728,582 1773,585 1818,588 1862,588 1907,588 1952,585 1997,588 2042,588 2086,588 2131,588 2176,588 2221,588 2266,588 2310,591 2316,591"/>
                <Word id="r_11_tl_4_w1" custom="readingOrder {index:0;}">
                    <Coords points="1320,539 1320,599 1381,599 1381,539"/>
                    <TextEquiv>
                        <Unicode>von</Unicode>
                    </TextEquiv>
                </Word>
                <Word id="r_11_tl_4_w2" custom="readingOrder {index:1;}">
                    <Coords points="1413,540 1413,600 1459,600 1459,540"/>
                    <TextEquiv>
                        <Unicode>den</Unicode>
                    </TextEquiv>
                </Word>
                <Word id="r_11_tl_4_w3" custom="readingOrder {index:2;}">
                    <Coords points="1490,539 1490,599 1716,599 1716,539"/>
                    <TextEquiv>
                        <Unicode>gewöhnlichen</Unicode>
                    </TextEquiv>
                </Word>
                <Word id="r_11_tl_4_w4" custom="readingOrder {index:3;}">
                    <Coords points="1742,548 1742,608 1928,608 1928,548"/>
                    <TextEquiv>
                        <Unicode>Materien.</Unicode>
                    </TextEquiv>
                </Word>
                <Word id="r_11_tl_4_w5" custom="readingOrder {index:4;}">
                    <Coords points="1975,548 1975,608 2046,608 2046,548"/>
                    <TextEquiv>
                        <Unicode>Die</Unicode>
                    </TextEquiv>
                </Word>
                <Word id="r_11_tl_4_w6" custom="readingOrder {index:5;}">
                    <Coords points="2062,548 2062,608 2190,608 2190,548"/>
                    <TextEquiv>
                        <Unicode>siebente</Unicode>
                    </TextEquiv>
                </Word>
                <Word id="r_11_tl_4_w7" custom="readingOrder {index:6;}">
                    <Coords points="2207,548 2207,608 2304,608 2304,548"/>
                    <TextEquiv>
                        <Unicode>wacht</Unicode>
                    </TextEquiv>
                </Word>
                <TextEquiv>
                    <Unicode>von den gewöhnlichen Materien. Die siebente wacht</Unicode>
                </TextEquiv>
            </TextLine>
            <TextLine id="r_11_tl_5" custom="readingOrder {index:4;}">
                <Coords points="1320,635 2313,648 2313,602 2271,597 1320,592"/>
                <Baseline points="1334,629 1379,626 1424,626 1468,626 1513,629 1558,626 1603,629 1648,626 1692,629 1737,629 1782,629 1827,632 1871,635 1916,632 1961,635 2006,635 2051,638 2095,638 2140,638 2185,635 2230,635 2274,635 2319,632"/>
                <Word id="r_11_tl_5_w1" custom="readingOrder {index:0;}">
                    <Coords points="1325,586 1325,646 1438,646 1438,586"/>
                    <TextEquiv>
                        <Unicode>endlich</Unicode>
                    </TextEquiv>
                </Word>
                <Word id="r_11_tl_5_w2" custom="readingOrder {index:1;}">
                    <Coords points="1474,588 1474,648 1525,648 1525,588"/>
                    <TextEquiv>
                        <Unicode>zur</Unicode>
                    </TextEquiv>
                </Word>
                <Word id="r_11_tl_5_w3" custom="readingOrder {index:2;}">
                    <Coords points="1552,587 1552,647 1794,647 1794,587"/>
                    <TextEquiv>
                        <Unicode>Morgenröthe</Unicode>
                    </TextEquiv>
                </Word>
                <Word id="r_11_tl_5_w4" custom="readingOrder {index:3;}">
                    <Coords points="1826,594 1826,654 1903,654 1903,594"/>
                    <TextEquiv>
                        <Unicode>auf,</Unicode>
                    </TextEquiv>
                </Word>
                <Word id="r_11_tl_5_w5" custom="readingOrder {index:4;}">
                    <Coords points="1929,594 1929,654 1965,654 1965,594"/>
                    <TextEquiv>
                        <Unicode>um</Unicode>
                    </TextEquiv>
                </Word>
                <Word id="r_11_tl_5_w6" custom="readingOrder {index:5;}">
                    <Coords points="2012,597 2012,657 2079,657 2079,597"/>
                    <TextEquiv>
                        <Unicode>nach</Unicode>
                    </TextEquiv>
                </Word>
                <Word id="r_11_tl_5_w7" custom="readingOrder {index:6;}">
                    <Coords points="2110,596 2110,656 2208,656 2208,596"/>
                    <TextEquiv>
                        <Unicode>vielen</Unicode>
                    </TextEquiv>
                </Word>
                <Word id="r_11_tl_5_w8" custom="readingOrder {index:7;}">
                    <Coords points="2234,595 2234,655 2311,655 2311,595"/>
                    <TextEquiv>
                        <Unicode>Um¬</Unicode>
                    </TextEquiv>
                </Word>
                <TextEquiv>
                    <Unicode>endlich zur Morgenröthe auf, um nach vielen Um¬</Unicode>
                </TextEquiv>
            </TextLine>
            <TextLine id="r_11_tl_6" custom="readingOrder {index:5;}">
                <Coords points="1323,690 2306,698 2303,648 2228,640 1320,635"/>
                <Baseline points="1337,674 1382,674 1427,674 1471,677 1516,677 1561,677 1606,674 1650,677 1695,677 1740,677 1785,677 1830,680 1874,680 1919,683 1964,683 2009,686 2054,686 2098,686 2143,686 2188,683 2233,683 2277,683 2313,683"/>
                <Word id="r_11_tl_6_w1" custom="readingOrder {index:0;}">
                    <Coords points="1326,634 1326,694 1478,694 1478,634"/>
                    <TextEquiv>
                        <Unicode>schweifen</Unicode>
                    </TextEquiv>
                </Word>
                <Word id="r_11_tl_6_w2" custom="readingOrder {index:1;}">
                    <Coords points="1513,636 1513,696 1614,696 1614,636"/>
                    <TextEquiv>
                        <Unicode>einige</Unicode>
                    </TextEquiv>
                </Word>
                <Word id="r_11_tl_6_w3" custom="readingOrder {index:2;}">
                    <Coords points="1632,637 1632,697 1880,697 1880,637"/>
                    <TextEquiv>
                        <Unicode>Hamburgische</Unicode>
                    </TextEquiv>
                </Word>
                <Word id="r_11_tl_6_w4" custom="readingOrder {index:3;}">
                    <Coords points="1909,644 1909,704 2077,704 2077,644"/>
                    <TextEquiv>
                        <Unicode>Gegenden</Unicode>
                    </TextEquiv>
                </Word>
                <Word id="r_11_tl_6_w5" custom="readingOrder {index:4;}">
                    <Coords points="2106,646 2106,706 2134,706 2134,646"/>
                    <TextEquiv>
                        <Unicode>zu</Unicode>
                    </TextEquiv>
                </Word>
                <Word id="r_11_tl_6_w6" custom="readingOrder {index:5;}">
                    <Coords points="2163,643 2163,703 2309,703 2309,643"/>
                    <TextEquiv>
                        <Unicode>beschrei¬</Unicode>
                    </TextEquiv>
                </Word>
                <TextEquiv>
                    <Unicode>schweifen einige Hamburgische Gegenden zu beschrei¬</Unicode>
                </TextEquiv>
            </TextLine>
            <TextLine id="r_11_tl_7" custom="readingOrder {index:6;}">
                <Coords points="1313,743 2306,748 2283,690 1313,690"/>
                <Baseline points="1328,722 1373,722 1418,722 1462,722 1507,722 1552,725 1597,722 1642,722 1686,722 1731,722 1776,725 1821,728 1865,728 1910,728 1955,731 2000,731 2045,734 2089,731 2134,734 2179,734 2224,731 2269,731 2310,731"/>
                <Word id="r_11_tl_7_w1" custom="readingOrder {index:0;}">
                    <Coords points="1319,682 1319,742 1400,742 1400,682"/>
                    <TextEquiv>
                        <Unicode>ben,</Unicode>
                    </TextEquiv>
                </Word>
                <Word id="r_11_tl_7_w2" custom="readingOrder {index:1;}">
                    <Coords points="1411,682 1411,742 1497,742 1497,682"/>
                    <TextEquiv>
                        <Unicode>deren</Unicode>
                    </TextEquiv>
                </Word>
                <Word id="r_11_tl_7_w3" custom="readingOrder {index:2;}">
                    <Coords points="1526,682 1526,742 1727,742 1727,682"/>
                    <TextEquiv>
                        <Unicode>Schönheit,</Unicode>
                    </TextEquiv>
                </Word>
                <Word id="r_11_tl_7_w4" custom="readingOrder {index:3;}">
                    <Coords points="1744,688 1744,748 1939,748 1939,688"/>
                    <TextEquiv>
                        <Unicode>Seltenheit</Unicode>
                    </TextEquiv>
                </Word>
                <Word id="r_11_tl_7_w5" custom="readingOrder {index:4;}">
                    <Coords points="1956,691 1956,751 2015,751 2015,691"/>
                    <TextEquiv>
                        <Unicode>und</Unicode>
                    </TextEquiv>
                </Word>
                <Word id="r_11_tl_7_w6" custom="readingOrder {index:5;}">
                    <Coords points="2037,694 2037,754 2298,754 2298,694"/>
                    <TextEquiv>
                        <Unicode>Erzahlungston</Unicode>
                    </TextEquiv>
                </Word>
                <TextEquiv>
                    <Unicode>ben, deren Schönheit, Seltenheit und Erzahlungston</Unicode>
                </TextEquiv>
            </TextLine>
            <TextLine id="r_11_tl_8" custom="readingOrder {index:7;}">
                <Coords points="1318,781 2306,791 2276,741 1318,738"/>
                <Baseline points="1331,770 1376,770 1421,770 1465,770 1510,773 1555,770 1600,773 1645,773 1689,770 1734,770 1779,773 1824,776 1868,776 1913,776 1958,779 2003,779 2048,779 2092,779 2137,782 2182,779 2227,782 2271,779 2313,779"/>
                <Word id="r_11_tl_8_w1" custom="readingOrder {index:0;}">
                    <Coords points="1323,730 1323,790 1410,790 1410,730"/>
                    <TextEquiv>
                        <Unicode>nicht</Unicode>
                    </TextEquiv>
                </Word>
                <Word id="r_11_tl_8_w2" custom="readingOrder {index:1;}">
                    <Coords points="1431,730 1431,790 1498,790 1498,730"/>
                    <TextEquiv>
                        <Unicode>eben</Unicode>
                    </TextEquiv>
                </Word>
                <Word id="r_11_tl_8_w3" custom="readingOrder {index:2;}">
                    <Coords points="1525,730 1525,790 1606,790 1606,730"/>
                    <TextEquiv>
                        <Unicode>jeder</Unicode>
                    </TextEquiv>
                </Word>
                <Word id="r_11_tl_8_w4" custom="readingOrder {index:3;}">
                    <Coords points="1628,730 1628,790 1782,790 1782,730"/>
                    <TextEquiv>
                        <Unicode>Fremde,</Unicode>
                    </TextEquiv>
                </Word>
                <Word id="r_11_tl_8_w5" custom="readingOrder {index:4;}">
                    <Coords points="1793,735 1793,795 1839,795 1839,735"/>
                    <TextEquiv>
                        <Unicode>der</Unicode>
                    </TextEquiv>
                </Word>
                <Word id="r_11_tl_8_w6" custom="readingOrder {index:5;}">
                    <Coords points="1855,736 1855,796 1948,796 1948,736"/>
                    <TextEquiv>
                        <Unicode>solche</Unicode>
                    </TextEquiv>
                </Word>
                <Word id="r_11_tl_8_w7" custom="readingOrder {index:6;}">
                    <Coords points="1964,739 1964,799 2040,799 2040,739"/>
                    <TextEquiv>
                        <Unicode>nicht</Unicode>
                    </TextEquiv>
                </Word>
                <Word id="r_11_tl_8_w8" custom="readingOrder {index:7;}">
                    <Coords points="2057,740 2057,800 2165,800 2165,740"/>
                    <TextEquiv>
                        <Unicode>kennt,</Unicode>
                    </TextEquiv>
                </Word>
                <Word id="r_11_tl_8_w9" custom="readingOrder {index:8;}">
                    <Coords points="2181,740 2181,800 2309,800 2309,740"/>
                    <TextEquiv>
                        <Unicode>bewun¬</Unicode>
                    </TextEquiv>
                </Word>
                <TextEquiv>
                    <Unicode>nicht eben jeder Fremde, der solche nicht kennt, bewun¬</Unicode>
                </TextEquiv>
            </TextLine>
            <TextLine id="r_11_tl_9" custom="readingOrder {index:8;}">
                <Coords points="1318,824 2253,844 2311,842 2311,791 1315,781"/>
                <Baseline points="1331,818 1376,818 1421,818 1465,818 1510,821 1555,818 1600,818 1645,821 1689,821 1734,821 1779,821 1824,824 1868,824 1913,824 1958,824 2003,824 2048,826 2092,826 2137,826 2182,826 2227,829 2271,826 2316,826"/>
                <Word id="r_11_tl_9_w1" custom="readingOrder {index:0;}">
                    <Coords points="1320,778 1320,838 1392,838 1392,778"/>
                    <TextEquiv>
                        <Unicode>dern</Unicode>
                    </TextEquiv>
                </Word>
                <Word id="r_11_tl_9_w2" custom="readingOrder {index:1;}">
                    <Coords points="1419,778 1419,838 1516,838 1516,778"/>
                    <TextEquiv>
                        <Unicode>wird.</Unicode>
                    </TextEquiv>
                </Word>
                <Word id="r_11_tl_9_w3" custom="readingOrder {index:2;}">
                    <Coords points="1564,778 1564,838 1636,838 1636,778"/>
                    <TextEquiv>
                        <Unicode>Die</Unicode>
                    </TextEquiv>
                </Word>
                <Word id="r_11_tl_9_w4" custom="readingOrder {index:3;}">
                    <Coords points="1662,781 1662,841 1744,841 1744,781"/>
                    <TextEquiv>
                        <Unicode>achte</Unicode>
                    </TextEquiv>
                </Word>
                <Word id="r_11_tl_9_w5" custom="readingOrder {index:4;}">
                    <Coords points="1776,784 1776,844 1900,844 1900,784"/>
                    <TextEquiv>
                        <Unicode>schließt</Unicode>
                    </TextEquiv>
                </Word>
                <Word id="r_11_tl_9_w6" custom="readingOrder {index:5;}">
                    <Coords points="1921,784 1921,844 1967,844 1967,784"/>
                    <TextEquiv>
                        <Unicode>sich</Unicode>
                    </TextEquiv>
                </Word>
                <Word id="r_11_tl_9_w7" custom="readingOrder {index:6;}">
                    <Coords points="1994,784 1994,844 2050,844 2050,784"/>
                    <TextEquiv>
                        <Unicode>mit</Unicode>
                    </TextEquiv>
                </Word>
                <Word id="r_11_tl_9_w8" custom="readingOrder {index:7;}">
                    <Coords points="2077,786 2077,846 2159,846 2159,786"/>
                    <TextEquiv>
                        <Unicode>einem</Unicode>
                    </TextEquiv>
                </Word>
                <Word id="r_11_tl_9_w9" custom="readingOrder {index:8;}">
                    <Coords points="2196,787 2196,847 2309,847 2309,787"/>
                    <TextEquiv>
                        <Unicode>Lobge¬</Unicode>
                    </TextEquiv>
                </Word>
                <TextEquiv>
                    <Unicode>dern wird. Die achte schließt sich mit einem Lobge¬</Unicode>
                </TextEquiv>
            </TextLine>
            <TextLine id="r_11_tl_10" custom="readingOrder {index:9;}">
                <Coords points="1323,877 2303,895 2303,844 2238,834 1323,829"/>
                <Baseline points="1337,862 1382,865 1427,865 1471,865 1516,865 1561,865 1606,865 1650,868 1695,868 1740,868 1785,871 1830,868 1874,871 1919,868 1964,871 2009,868 2054,874 2098,874 2143,874 2188,874 2233,874 2277,874 2310,874"/>
                <Word id="r_11_tl_10_w1" custom="readingOrder {index:0;}">
                    <Coords points="1323,823 1323,883 1394,883 1394,823"/>
                    <TextEquiv>
                        <Unicode>sang</Unicode>
                    </TextEquiv>
                </Word>
                <Word id="r_11_tl_10_w2" custom="readingOrder {index:1;}">
                    <Coords points="1431,825 1431,885 1466,885 1466,825"/>
                    <TextEquiv>
                        <Unicode>an</Unicode>
                    </TextEquiv>
                </Word>
                <Word id="r_11_tl_10_w3" custom="readingOrder {index:2;}">
                    <Coords points="1498,825 1498,885 1549,885 1549,825"/>
                    <TextEquiv>
                        <Unicode>den</Unicode>
                    </TextEquiv>
                </Word>
                <Word id="r_11_tl_10_w4" custom="readingOrder {index:3;}">
                    <Coords points="1580,828 1580,888 1739,888 1739,828"/>
                    <TextEquiv>
                        <Unicode>Frieden,</Unicode>
                    </TextEquiv>
                </Word>
                <Word id="r_11_tl_10_w5" custom="readingOrder {index:4;}">
                    <Coords points="1756,830 1756,890 1822,890 1822,830"/>
                    <TextEquiv>
                        <Unicode>der,</Unicode>
                    </TextEquiv>
                </Word>
                <Word id="r_11_tl_10_w6" custom="readingOrder {index:5;}">
                    <Coords points="1848,830 1848,890 1915,890 1915,830"/>
                    <TextEquiv>
                        <Unicode>nach</Unicode>
                    </TextEquiv>
                </Word>
                <Word id="r_11_tl_10_w7" custom="readingOrder {index:6;}">
                    <Coords points="1946,830 1946,890 1997,890 1997,830"/>
                    <TextEquiv>
                        <Unicode>der</Unicode>
                    </TextEquiv>
                </Word>
                <Word id="r_11_tl_10_w8" custom="readingOrder {index:7;}">
                    <Coords points="2023,834 2023,894 2177,894 2177,834"/>
                    <TextEquiv>
                        <Unicode>Sprache</Unicode>
                    </TextEquiv>
                </Word>
                <Word id="r_11_tl_10_w9" custom="readingOrder {index:8;}">
                    <Coords points="2204,834 2204,894 2301,894 2301,834"/>
                    <TextEquiv>
                        <Unicode>dieses</Unicode>
                    </TextEquiv>
                </Word>
                <TextEquiv>
                    <Unicode>sang an den Frieden, der, nach der Sprache dieses</Unicode>
                </TextEquiv>
            </TextLine>
            <TextLine id="r_11_tl_11" custom="readingOrder {index:10;}">
                <Coords points="1323,925 2306,932 2306,895 2192,879 1323,877"/>
                <Baseline points="1337,910 1382,913 1427,910 1471,910 1516,910 1561,913 1606,913 1650,913 1695,916 1740,916 1785,916 1830,916 1874,919 1919,919 1964,916 2009,919 2054,919 2098,919 2143,919 2188,922 2233,922 2277,922 2313,922"/>
                <Word id="r_11_tl_11_w1" custom="readingOrder {index:0;}">
                    <Coords points="1329,872 1329,932 1458,932 1458,872"/>
                    <TextEquiv>
                        <Unicode>Buchs,</Unicode>
                    </TextEquiv>
                </Word>
                <Word id="r_11_tl_11_w2" custom="readingOrder {index:1;}">
                    <Coords points="1486,870 1486,930 1561,930 1561,870"/>
                    <TextEquiv>
                        <Unicode>"das</Unicode>
                    </TextEquiv>
                </Word>
                <Word id="r_11_tl_11_w3" custom="readingOrder {index:2;}">
                    <Coords points="1589,873 1589,933 1631,933 1631,873"/>
                    <TextEquiv>
                        <Unicode>sich</Unicode>
                    </TextEquiv>
                </Word>
                <Word id="r_11_tl_11_w4" custom="readingOrder {index:3;}">
                    <Coords points="1654,876 1654,936 1740,936 1740,876"/>
                    <TextEquiv>
                        <Unicode>selbst</Unicode>
                    </TextEquiv>
                </Word>
                <Word id="r_11_tl_11_w5" custom="readingOrder {index:4;}">
                    <Coords points="1762,879 1762,939 1989,939 1989,879"/>
                    <TextEquiv>
                        <Unicode>zerfleischende</Unicode>
                    </TextEquiv>
                </Word>
                <Word id="r_11_tl_11_w6" custom="readingOrder {index:5;}">
                    <Coords points="2006,879 2006,939 2168,939 2168,879"/>
                    <TextEquiv>
                        <Unicode>Europa,"</Unicode>
                    </TextEquiv>
                </Word>
                <Word id="r_11_tl_11_w7" custom="readingOrder {index:6;}">
                    <Coords points="2191,882 2191,942 2303,942 2303,882"/>
                    <TextEquiv>
                        <Unicode>wieder</Unicode>
                    </TextEquiv>
                </Word>
                <TextEquiv>
                    <Unicode>Buchs, "das sich selbst zerfleischende Europa," wieder</Unicode>
                </TextEquiv>
            </TextLine>
            <TextLine id="r_11_tl_12" custom="readingOrder {index:11;}">
                <Coords points="1310,988 2316,980 2313,932 1308,930"/>
                <Baseline points="1325,958 1370,958 1415,961 1459,958 1504,961 1549,961 1594,961 1639,961 1683,961 1728,964 1773,964 1818,964 1862,964 1907,967 1952,967 1997,967 2042,967 2086,964 2131,967 2176,970 2221,967 2266,970 2310,970 2319,973"/>
                <Word id="r_11_tl_12_w1" custom="readingOrder {index:0;}">
                    <Coords points="1318,920 1318,980 1510,980 1510,920"/>
                    <TextEquiv>
                        <Unicode>erleuchtet.</Unicode>
                    </TextEquiv>
                </Word>
                <Word id="r_11_tl_12_w2" custom="readingOrder {index:1;}">
                    <Coords points="1521,921 1521,981 1592,981 1592,921"/>
                    <TextEquiv>
                        <Unicode>Wir</Unicode>
                    </TextEquiv>
                </Word>
                <Word id="r_11_tl_12_w3" custom="readingOrder {index:2;}">
                    <Coords points="1614,921 1614,981 1743,981 1743,921"/>
                    <TextEquiv>
                        <Unicode>leugnen</Unicode>
                    </TextEquiv>
                </Word>
                <Word id="r_11_tl_12_w4" custom="readingOrder {index:3;}">
                    <Coords points="1769,924 1769,984 1868,984 1868,924"/>
                    <TextEquiv>
                        <Unicode>nicht,</Unicode>
                    </TextEquiv>
                </Word>
                <Word id="r_11_tl_12_w5" custom="readingOrder {index:4;}">
                    <Coords points="1884,927 1884,987 1935,987 1935,927"/>
                    <TextEquiv>
                        <Unicode>daß</Unicode>
                    </TextEquiv>
                </Word>
                <Word id="r_11_tl_12_w6" custom="readingOrder {index:5;}">
                    <Coords points="1961,927 1961,987 2086,987 2086,927"/>
                    <TextEquiv>
                        <Unicode>manche</Unicode>
                    </TextEquiv>
                </Word>
                <Word id="r_11_tl_12_w7" custom="readingOrder {index:6;}">
                    <Coords points="2102,927 2102,987 2314,987 2314,927"/>
                    <TextEquiv>
                        <Unicode>Betrachtun¬</Unicode>
                    </TextEquiv>
                </Word>
                <TextEquiv>
                    <Unicode>erleuchtet. Wir leugnen nicht, daß manche Betrachtun¬</Unicode>
                </TextEquiv>
            </TextLine>
            <TextLine id="r_11_tl_13" custom="readingOrder {index:12;}">
                <Coords points="1320,1021 2286,1038 2313,985 1318,973"/>
                <Baseline points="1334,1009 1379,1006 1424,1006 1468,1006 1513,1006 1558,1006 1603,1006 1648,1009 1692,1009 1737,1009 1782,1009 1827,1012 1871,1012 1916,1012 1961,1015 2006,1015 2051,1012 2095,1012 2140,1012 2185,1015 2230,1015 2274,1018 2319,1015"/>
                <Word id="r_11_tl_13_w1" custom="readingOrder {index:0;}">
                    <Coords points="1323,967 1323,1027 1379,1027 1379,967"/>
                    <TextEquiv>
                        <Unicode>gen</Unicode>
                    </TextEquiv>
                </Word>
                <Word id="r_11_tl_13_w2" custom="readingOrder {index:1;}">
                    <Coords points="1400,966 1400,1026 1482,1026 1482,966"/>
                    <TextEquiv>
                        <Unicode>nicht</Unicode>
                    </TextEquiv>
                </Word>
                <Word id="r_11_tl_13_w3" custom="readingOrder {index:2;}">
                    <Coords points="1499,966 1499,1026 1571,1026 1571,966"/>
                    <TextEquiv>
                        <Unicode>viele</Unicode>
                    </TextEquiv>
                </Word>
                <Word id="r_11_tl_13_w4" custom="readingOrder {index:3;}">
                    <Coords points="1587,967 1587,1027 1664,1027 1664,967"/>
                    <TextEquiv>
                        <Unicode>neue</Unicode>
                    </TextEquiv>
                </Word>
                <Word id="r_11_tl_13_w5" custom="readingOrder {index:4;}">
                    <Coords points="1680,969 1680,1029 1778,1029 1778,969"/>
                    <TextEquiv>
                        <Unicode>Züge,</Unicode>
                    </TextEquiv>
                </Word>
                <Word id="r_11_tl_13_w6" custom="readingOrder {index:5;}">
                    <Coords points="1789,972 1789,1032 1892,1032 1892,972"/>
                    <TextEquiv>
                        <Unicode>schöne</Unicode>
                    </TextEquiv>
                </Word>
                <Word id="r_11_tl_13_w7" custom="readingOrder {index:6;}">
                    <Coords points="1908,974 1908,1034 2115,1034 2115,974"/>
                    <TextEquiv>
                        <Unicode>Wendungen</Unicode>
                    </TextEquiv>
                </Word>
                <Word id="r_11_tl_13_w8" custom="readingOrder {index:7;}">
                    <Coords points="2141,973 2141,1033 2197,1033 2197,973"/>
                    <TextEquiv>
                        <Unicode>und</Unicode>
                    </TextEquiv>
                </Word>
                <Word id="r_11_tl_13_w9" custom="readingOrder {index:8;}">
                    <Coords points="2224,977 2224,1037 2311,1037 2311,977"/>
                    <TextEquiv>
                        <Unicode>mah¬</Unicode>
                    </TextEquiv>
                </Word>
                <TextEquiv>
                    <Unicode>gen nicht viele neue Züge, schöne Wendungen und mah¬</Unicode>
                </TextEquiv>
            </TextLine>
            <TextLine id="r_11_tl_14" custom="readingOrder {index:13;}">
                <Coords points="1318,1068 2316,1074 2316,1036 2218,1021 1318,1023"/>
                <Baseline points="1331,1050 1376,1050 1421,1050 1465,1050 1510,1053 1555,1053 1600,1053 1645,1053 1689,1053 1734,1056 1779,1056 1824,1059 1868,1059 1913,1062 1958,1059 2003,1062 2048,1059 2092,1059 2137,1059 2182,1059 2227,1062 2271,1062 2316,1062 2322,1062"/>
                <Word id="r_11_tl_14_w1" custom="readingOrder {index:0;}">
                    <Coords points="1323,1010 1323,1070 1445,1070 1445,1010"/>
                    <TextEquiv>
                        <Unicode>lerische</Unicode>
                    </TextEquiv>
                </Word>
                <Word id="r_11_tl_14_w2" custom="readingOrder {index:1;}">
                    <Coords points="1466,1013 1466,1073 1678,1073 1678,1013"/>
                    <TextEquiv>
                        <Unicode>Schönheiten</Unicode>
                    </TextEquiv>
                </Word>
                <Word id="r_11_tl_14_w3" custom="readingOrder {index:2;}">
                    <Coords points="1710,1016 1710,1076 1805,1076 1805,1016"/>
                    <TextEquiv>
                        <Unicode>haben</Unicode>
                    </TextEquiv>
                </Word>
                <Word id="r_11_tl_14_w4" custom="readingOrder {index:3;}">
                    <Coords points="1838,1021 1838,1081 1964,1081 1964,1021"/>
                    <TextEquiv>
                        <Unicode>sollten;</Unicode>
                    </TextEquiv>
                </Word>
                <Word id="r_11_tl_14_w5" custom="readingOrder {index:4;}">
                    <Coords points="1986,1021 1986,1081 2038,1081 2038,1021"/>
                    <TextEquiv>
                        <Unicode>das</Unicode>
                    </TextEquiv>
                </Word>
                <Word id="r_11_tl_14_w6" custom="readingOrder {index:5;}">
                    <Coords points="2060,1019 2060,1079 2171,1079 2171,1019"/>
                    <TextEquiv>
                        <Unicode>Ganze</Unicode>
                    </TextEquiv>
                </Word>
                <Word id="r_11_tl_14_w7" custom="readingOrder {index:6;}">
                    <Coords points="2187,1020 2187,1080 2218,1080 2218,1020"/>
                    <TextEquiv>
                        <Unicode>ist</Unicode>
                    </TextEquiv>
                </Word>
                <Word id="r_11_tl_14_w8" custom="readingOrder {index:7;}">
                    <Coords points="2235,1022 2235,1082 2303,1082 2303,1022"/>
                    <TextEquiv>
                        <Unicode>aber</Unicode>
                    </TextEquiv>
                </Word>
                <TextEquiv>
                    <Unicode>lerische Schönheiten haben sollten; das Ganze ist aber</Unicode>
                </TextEquiv>
            </TextLine>
            <TextLine id="r_11_tl_15" custom="readingOrder {index:14;}">
                <Coords points="1323,1111 2311,1129 2308,1074 1320,1066"/>
                <Baseline points="1334,1101 1379,1095 1424,1098 1468,1098 1513,1098 1558,1098 1603,1101 1648,1098 1692,1101 1737,1101 1782,1101 1827,1104 1871,1107 1916,1104 1961,1107 2006,1110 2051,1107 2095,1107 2140,1107 2185,1107 2230,1107 2274,1110 2316,1110"/>
                <Word id="r_11_tl_15_w1" custom="readingOrder {index:0;}">
                    <Coords points="1325,1060 1325,1120 1354,1120 1354,1060"/>
                    <TextEquiv>
                        <Unicode>zu</Unicode>
                    </TextEquiv>
                </Word>
                <Word id="r_11_tl_15_w2" custom="readingOrder {index:1;}">
                    <Coords points="1385,1057 1385,1117 1440,1117 1440,1057"/>
                    <TextEquiv>
                        <Unicode>alt,</Unicode>
                    </TextEquiv>
                </Word>
                <Word id="r_11_tl_15_w3" custom="readingOrder {index:2;}">
                    <Coords points="1451,1058 1451,1118 1495,1118 1495,1058"/>
                    <TextEquiv>
                        <Unicode>die</Unicode>
                    </TextEquiv>
                </Word>
                <Word id="r_11_tl_15_w4" custom="readingOrder {index:3;}">
                    <Coords points="1521,1060 1521,1120 1668,1120 1668,1060"/>
                    <TextEquiv>
                        <Unicode>Sprache</Unicode>
                    </TextEquiv>
                </Word>
                <Word id="r_11_tl_15_w5" custom="readingOrder {index:4;}">
                    <Coords points="1693,1061 1693,1121 1723,1121 1723,1061"/>
                    <TextEquiv>
                        <Unicode>zu</Unicode>
                    </TextEquiv>
                </Word>
                <Word id="r_11_tl_15_w6" custom="readingOrder {index:5;}">
                    <Coords points="1749,1063 1749,1123 1875,1123 1875,1063"/>
                    <TextEquiv>
                        <Unicode>poetisch</Unicode>
                    </TextEquiv>
                </Word>
                <Word id="r_11_tl_15_w7" custom="readingOrder {index:6;}">
                    <Coords points="1901,1068 1901,1128 2067,1128 2067,1068"/>
                    <TextEquiv>
                        <Unicode>strotzend,</Unicode>
                    </TextEquiv>
                </Word>
                <Word id="r_11_tl_15_w8" custom="readingOrder {index:7;}">
                    <Coords points="2083,1067 2083,1127 2138,1127 2138,1067"/>
                    <TextEquiv>
                        <Unicode>und</Unicode>
                    </TextEquiv>
                </Word>
                <Word id="r_11_tl_15_w9" custom="readingOrder {index:8;}">
                    <Coords points="2159,1067 2159,1127 2203,1127 2203,1067"/>
                    <TextEquiv>
                        <Unicode>der</Unicode>
                    </TextEquiv>
                </Word>
                <Word id="r_11_tl_15_w10" custom="readingOrder {index:9;}">
                    <Coords points="2229,1069 2229,1129 2309,1129 2309,1069"/>
                    <TextEquiv>
                        <Unicode>Aus¬</Unicode>
                    </TextEquiv>
                </Word>
                <TextEquiv>
                    <Unicode>zu alt, die Sprache zu poetisch strotzend, und der Aus¬</Unicode>
                </TextEquiv>
            </TextLine>
            <TextLine id="r_11_tl_16" custom="readingOrder {index:15;}">
                <Coords points="1313,1152 2313,1169 2311,1126 2220,1111 1313,1109"/>
                <Baseline points="1328,1143 1373,1143 1418,1143 1462,1143 1507,1146 1552,1146 1597,1146 1642,1143 1686,1146 1731,1146 1776,1146 1821,1149 1865,1149 1910,1152 1955,1152 2000,1155 2045,1155 2089,1155 2134,1155 2179,1155 2224,1155 2269,1155 2313,1155 2316,1155"/>
                <Word id="r_11_tl_16_w1" custom="readingOrder {index:0;}">
                    <Coords points="1323,1103 1323,1163 1416,1163 1416,1103"/>
                    <TextEquiv>
                        <Unicode>druck</Unicode>
                    </TextEquiv>
                </Word>
                <Word id="r_11_tl_16_w2" custom="readingOrder {index:1;}">
                    <Coords points="1432,1103 1432,1163 1457,1163 1457,1103"/>
                    <TextEquiv>
                        <Unicode>zu</Unicode>
                    </TextEquiv>
                </Word>
                <Word id="r_11_tl_16_w3" custom="readingOrder {index:2;}">
                    <Coords points="1483,1105 1483,1165 1716,1165 1716,1105"/>
                    <TextEquiv>
                        <Unicode>unausgefeilt,</Unicode>
                    </TextEquiv>
                </Word>
                <Word id="r_11_tl_16_w4" custom="readingOrder {index:3;}">
                    <Coords points="1732,1106 1732,1166 1773,1166 1773,1106"/>
                    <TextEquiv>
                        <Unicode>als</Unicode>
                    </TextEquiv>
                </Word>
                <Word id="r_11_tl_16_w5" custom="readingOrder {index:4;}">
                    <Coords points="1794,1108 1794,1168 1840,1168 1840,1108"/>
                    <TextEquiv>
                        <Unicode>daß</Unicode>
                    </TextEquiv>
                </Word>
                <Word id="r_11_tl_16_w6" custom="readingOrder {index:5;}">
                    <Coords points="1866,1110 1866,1170 1897,1170 1897,1110"/>
                    <TextEquiv>
                        <Unicode>sie</Unicode>
                    </TextEquiv>
                </Word>
                <Word id="r_11_tl_16_w7" custom="readingOrder {index:6;}">
                    <Coords points="1913,1115 1913,1175 2156,1175 2156,1115"/>
                    <TextEquiv>
                        <Unicode>Gegenständen</Unicode>
                    </TextEquiv>
                </Word>
                <Word id="r_11_tl_16_w8" custom="readingOrder {index:7;}">
                    <Coords points="2177,1115 2177,1175 2301,1175 2301,1115"/>
                    <TextEquiv>
                        <Unicode>gefallen</Unicode>
                    </TextEquiv>
                </Word>
                <TextEquiv>
                    <Unicode>druck zu unausgefeilt, als daß sie Gegenständen gefallen</Unicode>
                </TextEquiv>
            </TextLine>
            <TextLine id="r_11_tl_17" custom="readingOrder {index:16;}">
                <Coords points="1313,1202 2283,1222 2303,1169 1310,1157"/>
                <Baseline points="1325,1188 1370,1188 1415,1188 1459,1191 1504,1191 1549,1191 1594,1191 1639,1191 1683,1194 1728,1194 1773,1194 1818,1197 1862,1197 1907,1197 1952,1200 1997,1200 2042,1200 2086,1200 2131,1203 2176,1203 2221,1203 2266,1203 2310,1203"/>
                <Word id="r_11_tl_17_w1" custom="readingOrder {index:0;}">
                    <Coords points="1320,1148 1320,1208 1469,1208 1469,1148"/>
                    <TextEquiv>
                        <Unicode>können,</Unicode>
                    </TextEquiv>
                </Word>
                <Word id="r_11_tl_17_w2" custom="readingOrder {index:1;}">
                    <Coords points="1480,1151 1480,1211 1526,1211 1526,1151"/>
                    <TextEquiv>
                        <Unicode>die</Unicode>
                    </TextEquiv>
                </Word>
                <Word id="r_11_tl_17_w3" custom="readingOrder {index:2;}">
                    <Coords points="1542,1151 1542,1211 1608,1211 1608,1151"/>
                    <TextEquiv>
                        <Unicode>blos</Unicode>
                    </TextEquiv>
                </Word>
                <Word id="r_11_tl_17_w4" custom="readingOrder {index:3;}">
                    <Coords points="1630,1154 1630,1214 1773,1214 1773,1154"/>
                    <TextEquiv>
                        <Unicode>Neuheit</Unicode>
                    </TextEquiv>
                </Word>
                <Word id="r_11_tl_17_w5" custom="readingOrder {index:4;}">
                    <Coords points="1789,1157 1789,1217 1907,1217 1907,1157"/>
                    <TextEquiv>
                        <Unicode>beleben</Unicode>
                    </TextEquiv>
                </Word>
                <Word id="r_11_tl_17_w6" custom="readingOrder {index:5;}">
                    <Coords points="1934,1160 1934,1220 2021,1220 2021,1160"/>
                    <TextEquiv>
                        <Unicode>muß.</Unicode>
                    </TextEquiv>
                </Word>
                <Word id="r_11_tl_17_w7" custom="readingOrder {index:6;}">
                    <Coords points="2047,1160 2047,1220 2093,1220 2093,1160"/>
                    <TextEquiv>
                        <Unicode>Es</Unicode>
                    </TextEquiv>
                </Word>
                <Word id="r_11_tl_17_w8" custom="readingOrder {index:7;}">
                    <Coords points="2109,1163 2109,1223 2207,1223 2207,1163"/>
                    <TextEquiv>
                        <Unicode>folgen</Unicode>
                    </TextEquiv>
                </Word>
                <Word id="r_11_tl_17_w9" custom="readingOrder {index:8;}">
                    <Coords points="2233,1163 2233,1223 2299,1223 2299,1163"/>
                    <TextEquiv>
                        <Unicode>jetzo</Unicode>
                    </TextEquiv>
                </Word>
                <TextEquiv>
                    <Unicode>können, die blos Neuheit beleben muß. Es folgen jetzo</Unicode>
                </TextEquiv>
            </TextLine>
            <TextLine id="r_11_tl_18" custom="readingOrder {index:17;}">
                <Coords points="1323,1245 2306,1260 2303,1217 2223,1212 1320,1200"/>
                <Baseline points="1334,1238 1379,1236 1424,1236 1468,1236 1513,1236 1558,1238 1603,1238 1648,1238 1692,1238 1737,1241 1782,1241 1827,1241 1871,1241 1916,1244 1961,1244 2006,1244 2051,1247 2095,1247 2140,1247 2185,1247 2230,1250 2274,1253 2313,1253"/>
                <Word id="r_11_tl_18_w1" custom="readingOrder {index:0;}">
                    <Coords points="1325,1196 1325,1256 1600,1256 1600,1196"/>
                    <TextEquiv>
                        <Unicode>Nachrichten</Unicode>
                    </TextEquiv>
                </Word>
                <Word id="r_11_tl_18_w2" custom="readingOrder {index:1;}">
                    <Coords points="1643,1198 1643,1258 1716,1258 1716,1198"/>
                    <TextEquiv>
                        <Unicode>vom</Unicode>
                    </TextEquiv>
                </Word>
                <Word id="r_11_tl_18_w3" custom="readingOrder {index:2;}">
                    <Coords points="1759,1201 1759,1261 1965,1261 1965,1201"/>
                    <TextEquiv>
                        <Unicode>Jupiker,</Unicode>
                    </TextEquiv>
                </Word>
                <Word id="r_11_tl_18_w4" custom="readingOrder {index:3;}">
                    <Coords points="1992,1204 1992,1264 2039,1264 2039,1204"/>
                    <TextEquiv>
                        <Unicode>die</Unicode>
                    </TextEquiv>
                </Word>
                <Word id="r_11_tl_18_w5" custom="readingOrder {index:4;}">
                    <Coords points="2061,1207 2061,1267 2140,1267 2140,1207"/>
                    <TextEquiv>
                        <Unicode>seine</Unicode>
                    </TextEquiv>
                </Word>
                <Word id="r_11_tl_18_w6" custom="readingOrder {index:5;}">
                    <Coords points="2162,1210 2162,1270 2309,1270 2309,1210"/>
                    <TextEquiv>
                        <Unicode>Person,</Unicode>
                    </TextEquiv>
                </Word>
                <TextEquiv>
                    <Unicode>Nachrichten vom Jupiker, die seine Person,</Unicode>
                </TextEquiv>
            </TextLine>
            <TextLine id="r_11_tl_19" custom="readingOrder {index:18;}">
                <Coords points="1318,1300 2311,1305 2311,1265 2276,1260 1318,1250"/>
                <Baseline points="1331,1289 1376,1283 1421,1283 1465,1286 1510,1286 1555,1286 1600,1283 1645,1286 1689,1286 1734,1286 1779,1286 1824,1289 1868,1289 1913,1289 1958,1289 2003,1292 2048,1292 2092,1292 2137,1295 2182,1295 2227,1295 2271,1295 2316,1298 2319,1295"/>
                <Word id="r_11_tl_19_w1" custom="readingOrder {index:0;}">
                    <Coords points="1323,1243 1323,1303 1428,1303 1428,1243"/>
                    <TextEquiv>
                        <Unicode>Zahl,</Unicode>
                    </TextEquiv>
                </Word>
                <Word id="r_11_tl_19_w2" custom="readingOrder {index:1;}">
                    <Coords points="1445,1246 1445,1306 1513,1306 1513,1246"/>
                    <TextEquiv>
                        <Unicode>Zeit</Unicode>
                    </TextEquiv>
                </Word>
                <Word id="r_11_tl_19_w3" custom="readingOrder {index:2;}">
                    <Coords points="1534,1245 1534,1305 1586,1305 1586,1245"/>
                    <TextEquiv>
                        <Unicode>und</Unicode>
                    </TextEquiv>
                </Word>
                <Word id="r_11_tl_19_w4" custom="readingOrder {index:3;}">
                    <Coords points="1608,1246 1608,1306 1803,1306 1803,1246"/>
                    <TextEquiv>
                        <Unicode>Geschichte,</Unicode>
                    </TextEquiv>
                </Word>
                <Word id="r_11_tl_19_w5" custom="readingOrder {index:4;}">
                    <Coords points="1814,1249 1814,1309 1961,1309 1961,1249"/>
                    <TextEquiv>
                        <Unicode>meistens</Unicode>
                    </TextEquiv>
                </Word>
                <Word id="r_11_tl_19_w6" custom="readingOrder {index:5;}">
                    <Coords points="1983,1252 1983,1312 2051,1312 2051,1252"/>
                    <TextEquiv>
                        <Unicode>nach</Unicode>
                    </TextEquiv>
                </Word>
                <Word id="r_11_tl_19_w7" custom="readingOrder {index:6;}">
                    <Coords points="2078,1252 2078,1312 2130,1312 2130,1252"/>
                    <TextEquiv>
                        <Unicode>der</Unicode>
                    </TextEquiv>
                </Word>
                <Word id="r_11_tl_19_w8" custom="readingOrder {index:7;}">
                    <Coords points="2152,1255 2152,1315 2309,1315 2309,1255"/>
                    <TextEquiv>
                        <Unicode>allgemei¬</Unicode>
                    </TextEquiv>
                </Word>
                <TextEquiv>
                    <Unicode>Zahl, Zeit und Geschichte, meistens nach der allgemei¬</Unicode>
                </TextEquiv>
            </TextLine>
            <TextLine id="r_11_tl_20" custom="readingOrder {index:19;}">
                <Coords points="1320,1356 2306,1361 2306,1315 1318,1300"/>
                <Baseline points="1334,1337 1379,1334 1424,1334 1468,1334 1513,1334 1558,1334 1603,1334 1648,1337 1692,1334 1737,1337 1782,1337 1827,1337 1871,1337 1916,1337 1961,1337 2006,1337 2051,1337 2095,1337 2140,1340 2185,1340 2230,1340 2274,1340 2313,1340"/>
                <Word id="r_11_tl_20_w1" custom="readingOrder {index:0;}">
                    <Coords points="1324,1295 1324,1355 1382,1355 1382,1295"/>
                    <TextEquiv>
                        <Unicode>nen</Unicode>
                    </TextEquiv>
                </Word>
                <Word id="r_11_tl_20_w2" custom="readingOrder {index:1;}">
                    <Coords points="1405,1294 1405,1354 1653,1354 1653,1294"/>
                    <TextEquiv>
                        <Unicode>Weltgeschichte</Unicode>
                    </TextEquiv>
                </Word>
                <Word id="r_11_tl_20_w3" custom="readingOrder {index:2;}">
                    <Coords points="1675,1294 1675,1354 1707,1354 1707,1294"/>
                    <TextEquiv>
                        <Unicode>zu</Unicode>
                    </TextEquiv>
                </Word>
                <Word id="r_11_tl_20_w4" custom="readingOrder {index:3;}">
                    <Coords points="1730,1297 1730,1357 1902,1357 1902,1297"/>
                    <TextEquiv>
                        <Unicode>bestimmen</Unicode>
                    </TextEquiv>
                </Word>
                <Word id="r_11_tl_20_w5" custom="readingOrder {index:4;}">
                    <Coords points="1931,1297 1931,1357 2022,1357 2022,1297"/>
                    <TextEquiv>
                        <Unicode>sucht.</Unicode>
                    </TextEquiv>
                </Word>
                <Word id="r_11_tl_20_w6" custom="readingOrder {index:5;}">
                    <Coords points="2033,1297 2033,1357 2043,1357 2043,1297"/>
                    <TextEquiv>
                        <Unicode>—</Unicode>
                    </TextEquiv>
                </Word>
                <Word id="r_11_tl_20_w7" custom="readingOrder {index:6;}">
                    <Coords points="2104,1299 2104,1359 2174,1359 2174,1299"/>
                    <TextEquiv>
                        <Unicode>Die</Unicode>
                    </TextEquiv>
                </Word>
                <Word id="r_11_tl_20_w8" custom="readingOrder {index:7;}">
                    <Coords points="2191,1300 2191,1360 2309,1360 2309,1300"/>
                    <TextEquiv>
                        <Unicode>Frage:</Unicode>
                    </TextEquiv>
                </Word>
                <TextEquiv>
                    <Unicode>nen Weltgeschichte zu bestimmen sucht. — Die Frage:</Unicode>
                </TextEquiv>
            </TextLine>
            <TextLine id="r_11_tl_21" custom="readingOrder {index:20;}">
                <Coords points="1318,1396 2311,1396 2311,1358 2074,1338 1318,1356"/>
                <Baseline points="1331,1385 1376,1385 1421,1385 1465,1385 1510,1385 1555,1385 1600,1388 1645,1388 1689,1388 1734,1385 1779,1385 1824,1388 1868,1388 1913,1385 1958,1388 2003,1385 2048,1385 2092,1385 2137,1388 2182,1388 2227,1388 2271,1388 2316,1388 2319,1385"/>
                <Word id="r_11_tl_21_w1" custom="readingOrder {index:0;}">
                    <Coords points="1324,1345 1324,1405 1356,1405 1356,1345"/>
                    <TextEquiv>
                        <Unicode>ob</Unicode>
                    </TextEquiv>
                </Word>
                <Word id="r_11_tl_21_w2" custom="readingOrder {index:1;}">
                    <Coords points="1384,1345 1384,1405 1432,1405 1432,1345"/>
                    <TextEquiv>
                        <Unicode>die</Unicode>
                    </TextEquiv>
                </Word>
                <Word id="r_11_tl_21_w3" custom="readingOrder {index:2;}">
                    <Coords points="1449,1345 1449,1405 1623,1405 1623,1345"/>
                    <TextEquiv>
                        <Unicode>Mahlerey</Unicode>
                    </TextEquiv>
                </Word>
                <Word id="r_11_tl_21_w4" custom="readingOrder {index:3;}">
                    <Coords points="1650,1348 1650,1408 1699,1408 1699,1348"/>
                    <TextEquiv>
                        <Unicode>dem</Unicode>
                    </TextEquiv>
                </Word>
                <Word id="r_11_tl_21_w5" custom="readingOrder {index:4;}">
                    <Coords points="1732,1345 1732,1405 1835,1405 1835,1345"/>
                    <TextEquiv>
                        <Unicode>Staat</Unicode>
                    </TextEquiv>
                </Word>
                <Word id="r_11_tl_21_w6" custom="readingOrder {index:5;}">
                    <Coords points="1857,1345 1857,1405 1982,1405 1982,1345"/>
                    <TextEquiv>
                        <Unicode>nützlich</Unicode>
                    </TextEquiv>
                </Word>
                <Word id="r_11_tl_21_w7" custom="readingOrder {index:6;}">
                    <Coords points="2004,1345 2004,1405 2080,1405 2080,1345"/>
                    <TextEquiv>
                        <Unicode>sey?</Unicode>
                    </TextEquiv>
                </Word>
                <Word id="r_11_tl_21_w8" custom="readingOrder {index:7;}">
                    <Coords points="2103,1348 2103,1408 2308,1408 2308,1348"/>
                    <TextEquiv>
                        <Unicode>verunstaltet</Unicode>
                    </TextEquiv>
                </Word>
                <TextEquiv>
                    <Unicode>ob die Mahlerey dem Staat nützlich sey? verunstaltet</Unicode>
                </TextEquiv>
            </TextLine>
            <TextLine id="r_11_tl_22" custom="readingOrder {index:21;}">
                <Coords points="1320,1441 2313,1449 2293,1396 1320,1394"/>
                <Baseline points="1334,1436 1379,1436 1424,1436 1468,1436 1513,1436 1558,1436 1603,1439 1648,1436 1692,1439 1737,1436 1782,1436 1827,1436 1871,1436 1916,1439 1961,1439 2006,1436 2051,1439 2095,1439 2140,1436 2185,1439 2230,1439 2274,1439 2319,1439"/>
                <Word id="r_11_tl_22_w1" custom="readingOrder {index:0;}">
                    <Coords points="1326,1396 1326,1456 1422,1456 1422,1396"/>
                    <TextEquiv>
                        <Unicode>pöllig</Unicode>
                    </TextEquiv>
                </Word>
                <Word id="r_11_tl_22_w2" custom="readingOrder {index:1;}">
                    <Coords points="1450,1396 1450,1456 1503,1456 1503,1396"/>
                    <TextEquiv>
                        <Unicode>das</Unicode>
                    </TextEquiv>
                </Word>
                <Word id="r_11_tl_22_w3" custom="readingOrder {index:2;}">
                    <Coords points="1532,1398 1532,1458 1660,1458 1660,1398"/>
                    <TextEquiv>
                        <Unicode>Ganze,</Unicode>
                    </TextEquiv>
                </Word>
                <Word id="r_11_tl_22_w4" custom="readingOrder {index:3;}">
                    <Coords points="1677,1398 1677,1458 1709,1458 1709,1398"/>
                    <TextEquiv>
                        <Unicode>da</Unicode>
                    </TextEquiv>
                </Word>
                <Word id="r_11_tl_22_w5" custom="readingOrder {index:4;}">
                    <Coords points="1743,1396 1743,1456 1812,1456 1812,1396"/>
                    <TextEquiv>
                        <Unicode>man</Unicode>
                    </TextEquiv>
                </Word>
                <Word id="r_11_tl_22_w6" custom="readingOrder {index:5;}">
                    <Coords points="1851,1399 1851,1459 1991,1459 1991,1399"/>
                    <TextEquiv>
                        <Unicode>Seiten,</Unicode>
                    </TextEquiv>
                </Word>
                <Word id="r_11_tl_22_w7" custom="readingOrder {index:6;}">
                    <Coords points="2008,1399 2008,1459 2159,1459 2159,1399"/>
                    <TextEquiv>
                        <Unicode>Blätter,</Unicode>
                    </TextEquiv>
                </Word>
                <Word id="r_11_tl_22_w8" custom="readingOrder {index:7;}">
                    <Coords points="2181,1399 2181,1459 2240,1459 2240,1399"/>
                    <TextEquiv>
                        <Unicode>und</Unicode>
                    </TextEquiv>
                </Word>
                <Word id="r_11_tl_22_w9" custom="readingOrder {index:8;}">
                    <Coords points="2262,1399 2262,1459 2310,1459 2310,1399"/>
                    <TextEquiv>
                        <Unicode>die</Unicode>
                    </TextEquiv>
                </Word>
                <TextEquiv>
                    <Unicode>pöllig das Ganze, da man Seiten, Blätter, und die</Unicode>
                </TextEquiv>
            </TextLine>
            <TextLine id="r_11_tl_23" custom="readingOrder {index:22;}">
                <Coords points="1310,1502 2316,1504 2316,1446 1310,1446"/>
                <Baseline points="1325,1486 1334,1486 1379,1483 1424,1483 1468,1486 1513,1483 1558,1486 1603,1486 1648,1486 1692,1486 1737,1486 1782,1486 1827,1486 1871,1486 1916,1486 1961,1489 2006,1486 2051,1486 2095,1489 2140,1486 2185,1486 2230,1486 2274,1486 2319,1483"/>
                <Word id="r_11_tl_23_w1" custom="readingOrder {index:0;}">
                    <Coords points="1321,1443 1321,1503 1418,1503 1418,1443"/>
                    <TextEquiv>
                        <Unicode>ganze</Unicode>
                    </TextEquiv>
                </Word>
                <Word id="r_11_tl_23_w2" custom="readingOrder {index:1;}">
                    <Coords points="1441,1445 1441,1505 1653,1505 1653,1445"/>
                    <TextEquiv>
                        <Unicode>Abhandlung</Unicode>
                    </TextEquiv>
                </Word>
                <Word id="r_11_tl_23_w3" custom="readingOrder {index:2;}">
                    <Coords points="1676,1446 1676,1506 1888,1506 1888,1446"/>
                    <TextEquiv>
                        <Unicode>überschlagen</Unicode>
                    </TextEquiv>
                </Word>
                <Word id="r_11_tl_23_w4" custom="readingOrder {index:3;}">
                    <Coords points="1911,1448 1911,1508 2002,1508 2002,1448"/>
                    <TextEquiv>
                        <Unicode>muß,</Unicode>
                    </TextEquiv>
                </Word>
                <Word id="r_11_tl_23_w5" custom="readingOrder {index:4;}">
                    <Coords points="2008,1446 2008,1506 2041,1506 2041,1446"/>
                    <TextEquiv>
                        <Unicode>um</Unicode>
                    </TextEquiv>
                </Word>
                <Word id="r_11_tl_23_w6" custom="readingOrder {index:5;}">
                    <Coords points="2074,1447 2074,1507 2166,1507 2166,1447"/>
                    <TextEquiv>
                        <Unicode>außer</Unicode>
                    </TextEquiv>
                </Word>
                <Word id="r_11_tl_23_w7" custom="readingOrder {index:6;}">
                    <Coords points="2189,1446 2189,1506 2308,1506 2308,1446"/>
                    <TextEquiv>
                        <Unicode>einigen</Unicode>
                    </TextEquiv>
                </Word>
                <TextEquiv>
                    <Unicode>ganze Abhandlung überschlagen muß, um außer einigen</Unicode>
                </TextEquiv>
            </TextLine>
            <TextLine id="r_11_tl_24" custom="readingOrder {index:23;}">
                <Coords points="1320,1542 2313,1552 2313,1497 1320,1502"/>
                <Baseline points="1334,1528 1379,1531 1424,1534 1468,1531 1513,1531 1558,1534 1603,1534 1648,1534 1692,1537 1737,1534 1782,1534 1827,1534 1871,1534 1916,1534 1961,1537 2006,1534 2051,1534 2095,1534 2140,1534 2185,1537 2230,1534 2274,1534 2319,1534"/>
                <Word id="r_11_tl_24_w1" custom="readingOrder {index:0;}">
                    <Coords points="1325,1492 1325,1552 1478,1552 1478,1492"/>
                    <TextEquiv>
                        <Unicode>Stellen,</Unicode>
                    </TextEquiv>
                </Word>
                <Word id="r_11_tl_24_w2" custom="readingOrder {index:1;}">
                    <Coords points="1499,1491 1499,1551 1541,1551 1541,1491"/>
                    <TextEquiv>
                        <Unicode>die</Unicode>
                    </TextEquiv>
                </Word>
                <Word id="r_11_tl_24_w3" custom="readingOrder {index:2;}">
                    <Coords points="1557,1494 1557,1554 1615,1554 1615,1494"/>
                    <TextEquiv>
                        <Unicode>aus</Unicode>
                    </TextEquiv>
                </Word>
                <Word id="r_11_tl_24_w4" custom="readingOrder {index:3;}">
                    <Coords points="1631,1494 1631,1554 1678,1554 1678,1494"/>
                    <TextEquiv>
                        <Unicode>des</Unicode>
                    </TextEquiv>
                </Word>
                <Word id="r_11_tl_24_w5" custom="readingOrder {index:4;}">
                    <Coords points="1700,1494 1700,1554 1884,1554 1884,1494"/>
                    <TextEquiv>
                        <Unicode>Italieners</Unicode>
                    </TextEquiv>
                </Word>
                <Word id="r_11_tl_24_w6" custom="readingOrder {index:5;}">
                    <Coords points="1906,1496 1906,1556 2037,1556 2037,1496"/>
                    <TextEquiv>
                        <Unicode>Dolce</Unicode>
                    </TextEquiv>
                </Word>
                <Word id="r_11_tl_24_w7" custom="readingOrder {index:6;}">
                    <Coords points="2064,1494 2064,1554 2216,1554 2216,1494"/>
                    <TextEquiv>
                        <Unicode>Gespräch</Unicode>
                    </TextEquiv>
                </Word>
                <Word id="r_11_tl_24_w8" custom="readingOrder {index:7;}">
                    <Coords points="2243,1494 2243,1554 2295,1554 2295,1494"/>
                    <TextEquiv>
                        <Unicode>von</Unicode>
                    </TextEquiv>
                </Word>
                <TextEquiv>
                    <Unicode>Stellen, die aus des Italieners Dolce Gespräch von</Unicode>
                </TextEquiv>
            </TextLine>
            <TextLine id="r_11_tl_25" custom="readingOrder {index:24;}">
                <Coords points="1310,1595 2230,1585 2230,1557 2051,1537 1310,1532"/>
                <Baseline points="1325,1576 1370,1579 1415,1579 1459,1579 1504,1579 1549,1579 1594,1579 1639,1582 1683,1582 1728,1582 1773,1582 1818,1579 1862,1579 1907,1582 1952,1582 1997,1582 2042,1582 2086,1582 2131,1582 2176,1582 2221,1582 2236,1579"/>
                <Word id="r_11_tl_25_w1" custom="readingOrder {index:0;}">
                    <Coords points="1320,1537 1320,1597 1376,1597 1376,1537"/>
                    <TextEquiv>
                        <Unicode>der</Unicode>
                    </TextEquiv>
                </Word>
                <Word id="r_11_tl_25_w2" custom="readingOrder {index:1;}">
                    <Coords points="1392,1539 1392,1599 1583,1599 1583,1539"/>
                    <TextEquiv>
                        <Unicode>Mahlerey,</Unicode>
                    </TextEquiv>
                </Word>
                <Word id="r_11_tl_25_w3" custom="readingOrder {index:2;}">
                    <Coords points="1599,1541 1599,1601 1655,1601 1655,1541"/>
                    <TextEquiv>
                        <Unicode>und</Unicode>
                    </TextEquiv>
                </Word>
                <Word id="r_11_tl_25_w4" custom="readingOrder {index:3;}">
                    <Coords points="1677,1542 1677,1602 1851,1602 1851,1542"/>
                    <TextEquiv>
                        <Unicode>andersher</Unicode>
                    </TextEquiv>
                </Word>
                <Word id="r_11_tl_25_w5" custom="readingOrder {index:4;}">
                    <Coords points="1873,1542 1873,1602 2006,1602 2006,1542"/>
                    <TextEquiv>
                        <Unicode>bekannt</Unicode>
                    </TextEquiv>
                </Word>
                <Word id="r_11_tl_25_w6" custom="readingOrder {index:5;}">
                    <Coords points="2028,1542 2028,1602 2115,1602 2115,1542"/>
                    <TextEquiv>
                        <Unicode>sind;</Unicode>
                    </TextEquiv>
                </Word>
                <Word id="r_11_tl_25_w7" custom="readingOrder {index:6;}">
                    <Coords points="2136,1542 2136,1602 2177,1602 2177,1542"/>
                    <TextEquiv>
                        <Unicode>ein</Unicode>
                    </TextEquiv>
                </Word>
                <Word id="r_11_tl_25_w8" custom="readingOrder {index:7;}">
                    <Coords points="2203,1542 2203,1602 2218,1602 2218,1542"/>
                    <TextEquiv>
                        <Unicode>-</Unicode>
                    </TextEquiv>
                </Word>
                <TextEquiv>
                    <Unicode>der Mahlerey, und andersher bekannt sind; ein -</Unicode>
                </TextEquiv>
            </TextLine>
            <TextLine id="r_11_tl_26" custom="readingOrder {index:25;}">
                <Coords points="1320,1638 2306,1641 2306,1580 1320,1588"/>
                <Baseline points="1334,1627 1379,1624 1424,1624 1468,1624 1513,1624 1558,1624 1603,1627 1648,1627 1692,1627 1737,1624 1782,1627 1827,1627 1871,1627 1916,1627 1961,1627 2006,1630 2051,1627 2095,1627 2140,1630 2185,1630 2230,1633 2274,1630 2313,1633"/>
                <Word id="r_11_tl_26_w1" custom="readingOrder {index:0;}">
                    <Coords points="1325,1584 1325,1644 1443,1644 1443,1584"/>
                    <TextEquiv>
                        <Unicode>Nichts</Unicode>
                    </TextEquiv>
                </Word>
                <Word id="r_11_tl_26_w2" custom="readingOrder {index:1;}">
                    <Coords points="1469,1584 1469,1644 1499,1644 1499,1584"/>
                    <TextEquiv>
                        <Unicode>zu</Unicode>
                    </TextEquiv>
                </Word>
                <Word id="r_11_tl_26_w3" custom="readingOrder {index:2;}">
                    <Coords points="1526,1585 1526,1645 1649,1645 1649,1585"/>
                    <TextEquiv>
                        <Unicode>finden.</Unicode>
                    </TextEquiv>
                </Word>
                <Word id="r_11_tl_26_w4" custom="readingOrder {index:3;}">
                    <Coords points="1696,1584 1696,1644 1752,1644 1752,1584"/>
                    <TextEquiv>
                        <Unicode>Da</Unicode>
                    </TextEquiv>
                </Word>
                <Word id="r_11_tl_26_w5" custom="readingOrder {index:4;}">
                    <Coords points="1784,1587 1784,1647 1835,1647 1835,1587"/>
                    <TextEquiv>
                        <Unicode>der</Unicode>
                    </TextEquiv>
                </Word>
                <Word id="r_11_tl_26_w6" custom="readingOrder {index:5;}">
                    <Coords points="1861,1587 1861,1647 2020,1647 2020,1587"/>
                    <TextEquiv>
                        <Unicode>Verfaßer</Unicode>
                    </TextEquiv>
                </Word>
                <Word id="r_11_tl_26_w7" custom="readingOrder {index:6;}">
                    <Coords points="2052,1587 2052,1647 2150,1647 2150,1587"/>
                    <TextEquiv>
                        <Unicode>weder</Unicode>
                    </TextEquiv>
                </Word>
                <Word id="r_11_tl_26_w8" custom="readingOrder {index:7;}">
                    <Coords points="2181,1592 2181,1652 2299,1652 2299,1592"/>
                    <TextEquiv>
                        <Unicode>Nutzen</Unicode>
                    </TextEquiv>
                </Word>
                <TextEquiv>
                    <Unicode>Nichts zu finden. Da der Verfaßer weder Nutzen</Unicode>
                </TextEquiv>
            </TextLine>
            <TextLine id="r_11_tl_27" custom="readingOrder {index:26;}">
                <Coords points="1310,1681 2245,1693 2316,1688 2316,1648 1308,1633"/>
                <Baseline points="1325,1662 1370,1662 1415,1665 1459,1665 1504,1665 1549,1668 1594,1665 1639,1665 1683,1668 1728,1668 1773,1668 1818,1668 1862,1671 1907,1671 1952,1671 1997,1671 2042,1674 2086,1674 2131,1674 2176,1674 2221,1674 2266,1677 2310,1677 2319,1677"/>
                <Word id="r_11_tl_27_w1" custom="readingOrder {index:0;}">
                    <Coords points="1317,1622 1317,1682 1379,1682 1379,1622"/>
                    <TextEquiv>
                        <Unicode>vom</Unicode>
                    </TextEquiv>
                </Word>
                <Word id="r_11_tl_27_w2" custom="readingOrder {index:1;}">
                    <Coords points="1422,1626 1422,1686 1620,1686 1620,1626"/>
                    <TextEquiv>
                        <Unicode>Vergnügen</Unicode>
                    </TextEquiv>
                </Word>
                <Word id="r_11_tl_27_w3" custom="readingOrder {index:2;}">
                    <Coords points="1659,1628 1659,1688 1726,1688 1726,1628"/>
                    <TextEquiv>
                        <Unicode>noch</Unicode>
                    </TextEquiv>
                </Word>
                <Word id="r_11_tl_27_w4" custom="readingOrder {index:3;}">
                    <Coords points="1761,1629 1761,1689 1919,1689 1919,1629"/>
                    <TextEquiv>
                        <Unicode>Vortheil</Unicode>
                    </TextEquiv>
                </Word>
                <Word id="r_11_tl_27_w5" custom="readingOrder {index:4;}">
                    <Coords points="1949,1631 1949,1691 1996,1691 1996,1631"/>
                    <TextEquiv>
                        <Unicode>des</Unicode>
                    </TextEquiv>
                </Word>
                <Word id="r_11_tl_27_w6" custom="readingOrder {index:5;}">
                    <Coords points="2036,1634 2036,1694 2204,1694 2204,1634"/>
                    <TextEquiv>
                        <Unicode>Künstlers</Unicode>
                    </TextEquiv>
                </Word>
                <Word id="r_11_tl_27_w7" custom="readingOrder {index:6;}">
                    <Coords points="2238,1636 2238,1696 2291,1696 2291,1636"/>
                    <TextEquiv>
                        <Unicode>vom</Unicode>
                    </TextEquiv>
                </Word>
                <TextEquiv>
                    <Unicode>vom Vergnügen noch Vortheil des Künstlers vom</Unicode>
                </TextEquiv>
            </TextLine>
            <TextLine id="r_11_tl_28" custom="readingOrder {index:27;}">
                <Coords points="1313,1709 2306,1734 2306,1688 2213,1681 1313,1678"/>
                <Baseline points="1328,1704 1373,1707 1418,1707 1462,1707 1507,1707 1552,1707 1597,1707 1642,1710 1686,1710 1731,1710 1776,1710 1821,1710 1865,1710 1910,1710 1955,1713 2000,1713 2045,1713 2089,1716 2134,1716 2179,1716 2224,1719 2269,1722 2313,1719"/>
                <Word id="r_11_tl_28_w1" custom="readingOrder {index:0;}">
                    <Coords points="1321,1667 1321,1727 1602,1727 1602,1667"/>
                    <TextEquiv>
                        <Unicode>Staatsinteresse</Unicode>
                    </TextEquiv>
                </Word>
                <Word id="r_11_tl_28_w2" custom="readingOrder {index:1;}">
                    <Coords points="1620,1670 1620,1730 1865,1730 1865,1670"/>
                    <TextEquiv>
                        <Unicode>unterscheidet;</Unicode>
                    </TextEquiv>
                </Word>
                <Word id="r_11_tl_28_w3" custom="readingOrder {index:2;}">
                    <Coords points="1879,1670 1879,1730 1901,1730 1901,1670"/>
                    <TextEquiv>
                        <Unicode>so</Unicode>
                    </TextEquiv>
                </Word>
                <Word id="r_11_tl_28_w4" custom="readingOrder {index:3;}">
                    <Coords points="1925,1673 1925,1733 2088,1733 2088,1673"/>
                    <TextEquiv>
                        <Unicode>vergleicht</Unicode>
                    </TextEquiv>
                </Word>
                <Word id="r_11_tl_28_w5" custom="readingOrder {index:4;}">
                    <Coords points="2102,1676 2102,1736 2128,1736 2128,1676"/>
                    <TextEquiv>
                        <Unicode>er</Unicode>
                    </TextEquiv>
                </Word>
                <Word id="r_11_tl_28_w6" custom="readingOrder {index:5;}">
                    <Coords points="2147,1676 2147,1736 2224,1736 2224,1676"/>
                    <TextEquiv>
                        <Unicode>Geld</Unicode>
                    </TextEquiv>
                </Word>
                <Word id="r_11_tl_28_w7" custom="readingOrder {index:6;}">
                    <Coords points="2247,1681 2247,1741 2301,1741 2301,1681"/>
                    <TextEquiv>
                        <Unicode>und</Unicode>
                    </TextEquiv>
                </Word>
                <TextEquiv>
                    <Unicode>Staatsinteresse unterscheidet; so vergleicht er Geld und</Unicode>
                </TextEquiv>
            </TextLine>
            <TextLine id="r_11_tl_29" custom="readingOrder {index:28;}">
                <Coords points="1310,1754 2271,1784 2311,1774 2311,1734 1308,1714"/>
                <Baseline points="1325,1752 1370,1755 1415,1755 1459,1755 1504,1755 1549,1755 1594,1755 1639,1755 1683,1758 1728,1758 1773,1758 1818,1758 1862,1758 1907,1758 1952,1758 1997,1761 2042,1761 2086,1761 2131,1764 2176,1761 2221,1764 2266,1764 2310,1764 2316,1767"/>
                <Word id="r_11_tl_29_w1" custom="readingOrder {index:0;}">
                    <Coords points="1319,1715 1319,1775 1497,1775 1497,1715"/>
                    <TextEquiv>
                        <Unicode>Mahlerey</Unicode>
                    </TextEquiv>
                </Word>
                <Word id="r_11_tl_29_w2" custom="readingOrder {index:1;}">
                    <Coords points="1519,1715 1519,1775 1573,1775 1573,1715"/>
                    <TextEquiv>
                        <Unicode>auf</Unicode>
                    </TextEquiv>
                </Word>
                <Word id="r_11_tl_29_w3" custom="readingOrder {index:2;}">
                    <Coords points="1595,1715 1595,1775 1643,1775 1643,1715"/>
                    <TextEquiv>
                        <Unicode>der</Unicode>
                    </TextEquiv>
                </Word>
                <Word id="r_11_tl_29_w4" custom="readingOrder {index:3;}">
                    <Coords points="1665,1718 1665,1778 1913,1778 1913,1718"/>
                    <TextEquiv>
                        <Unicode>unschicklichsten</Unicode>
                    </TextEquiv>
                </Word>
                <Word id="r_11_tl_29_w5" custom="readingOrder {index:4;}">
                    <Coords points="1941,1721 1941,1781 2054,1781 2054,1721"/>
                    <TextEquiv>
                        <Unicode>Seite,</Unicode>
                    </TextEquiv>
                </Word>
                <Word id="r_11_tl_29_w6" custom="readingOrder {index:5;}">
                    <Coords points="2071,1721 2071,1781 2114,1781 2114,1721"/>
                    <TextEquiv>
                        <Unicode>die</Unicode>
                    </TextEquiv>
                </Word>
                <Word id="r_11_tl_29_w7" custom="readingOrder {index:6;}">
                    <Coords points="2131,1722 2131,1782 2179,1782 2179,1722"/>
                    <TextEquiv>
                        <Unicode>oft</Unicode>
                    </TextEquiv>
                </Word>
                <Word id="r_11_tl_29_w8" custom="readingOrder {index:7;}">
                    <Coords points="2195,1724 2195,1784 2308,1784 2308,1724"/>
                    <TextEquiv>
                        <Unicode>lächer¬</Unicode>
                    </TextEquiv>
                </Word>
                <TextEquiv>
                    <Unicode>Mahlerey auf der unschicklichsten Seite, die oft lächer¬</Unicode>
                </TextEquiv>
            </TextLine>
            <TextLine id="r_11_tl_30" custom="readingOrder {index:29;}">
                <Coords points="1318,1819 2260,1835 2306,1832 2306,1774 1315,1764"/>
                <Baseline points="1331,1803 1376,1803 1421,1803 1465,1806 1510,1806 1555,1806 1600,1806 1645,1806 1689,1806 1734,1806 1779,1806 1824,1809 1868,1806 1913,1809 1958,1809 2003,1809 2048,1809 2092,1812 2137,1812 2182,1815 2227,1815 2271,1815 2313,1815"/>
                <Word id="r_11_tl_30_w1" custom="readingOrder {index:0;}">
                    <Coords points="1321,1763 1321,1823 1374,1823 1374,1763"/>
                    <TextEquiv>
                        <Unicode>lich</Unicode>
                    </TextEquiv>
                </Word>
                <Word id="r_11_tl_30_w2" custom="readingOrder {index:1;}">
                    <Coords points="1397,1764 1397,1824 1488,1824 1488,1764"/>
                    <TextEquiv>
                        <Unicode>wird,</Unicode>
                    </TextEquiv>
                </Word>
                <Word id="r_11_tl_30_w3" custom="readingOrder {index:2;}">
                    <Coords points="1505,1766 1505,1826 1532,1826 1532,1766"/>
                    <TextEquiv>
                        <Unicode>da</Unicode>
                    </TextEquiv>
                </Word>
                <Word id="r_11_tl_30_w4" custom="readingOrder {index:3;}">
                    <Coords points="1554,1766 1554,1826 1581,1826 1581,1766"/>
                    <TextEquiv>
                        <Unicode>er</Unicode>
                    </TextEquiv>
                </Word>
                <Word id="r_11_tl_30_w5" custom="readingOrder {index:4;}">
                    <Coords points="1603,1766 1603,1826 1678,1826 1678,1766"/>
                    <TextEquiv>
                        <Unicode>nicht</Unicode>
                    </TextEquiv>
                </Word>
                <Word id="r_11_tl_30_w6" custom="readingOrder {index:5;}">
                    <Coords points="1695,1766 1695,1826 1814,1826 1814,1766"/>
                    <TextEquiv>
                        <Unicode>einmal</Unicode>
                    </TextEquiv>
                </Word>
                <Word id="r_11_tl_30_w7" custom="readingOrder {index:6;}">
                    <Coords points="1826,1767 1826,1827 1874,1827 1874,1767"/>
                    <TextEquiv>
                        <Unicode>das</Unicode>
                    </TextEquiv>
                </Word>
                <Word id="r_11_tl_30_w8" custom="readingOrder {index:7;}">
                    <Coords points="1896,1769 1896,1829 1994,1829 1994,1769"/>
                    <TextEquiv>
                        <Unicode>Wort</Unicode>
                    </TextEquiv>
                </Word>
                <Word id="r_11_tl_30_w9" custom="readingOrder {index:8;}">
                    <Coords points="2011,1770 2011,1830 2141,1830 2141,1770"/>
                    <TextEquiv>
                        <Unicode>Staat</Unicode>
                    </TextEquiv>
                </Word>
                <Word id="r_11_tl_30_w10" custom="readingOrder {index:9;}">
                    <Coords points="2163,1775 2163,1835 2309,1835 2309,1775"/>
                    <TextEquiv>
                        <Unicode>berührt,</Unicode>
                    </TextEquiv>
                </Word>
                <TextEquiv>
                    <Unicode>lich wird, da er nicht einmal das Wort Staat berührt,</Unicode>
                </TextEquiv>
            </TextLine>
            <TextLine id="r_11_tl_31" custom="readingOrder {index:30;}">
                <Coords points="1320,1862 2313,1875 2313,1835 2185,1817 1320,1819"/>
                <Baseline points="1334,1854 1379,1854 1424,1854 1468,1857 1513,1857 1558,1857 1603,1857 1648,1857 1692,1857 1737,1857 1782,1857 1827,1859 1871,1859 1916,1859 1961,1859 2006,1859 2051,1859 2095,1859 2140,1862 2185,1862 2230,1865 2274,1865 2316,1862"/>
                <Word id="r_11_tl_31_w1" custom="readingOrder {index:0;}">
                    <Coords points="1326,1814 1326,1874 1381,1874 1381,1814"/>
                    <TextEquiv>
                        <Unicode>und</Unicode>
                    </TextEquiv>
                </Word>
                <Word id="r_11_tl_31_w2" custom="readingOrder {index:1;}">
                    <Coords points="1409,1814 1409,1874 1459,1874 1459,1814"/>
                    <TextEquiv>
                        <Unicode>den</Unicode>
                    </TextEquiv>
                </Word>
                <Word id="r_11_tl_31_w3" custom="readingOrder {index:2;}">
                    <Coords points="1487,1817 1487,1877 1592,1877 1592,1817"/>
                    <TextEquiv>
                        <Unicode>innern</Unicode>
                    </TextEquiv>
                </Word>
                <Word id="r_11_tl_31_w4" custom="readingOrder {index:3;}">
                    <Coords points="1626,1817 1626,1877 1754,1877 1754,1817"/>
                    <TextEquiv>
                        <Unicode>Einfluß</Unicode>
                    </TextEquiv>
                </Word>
                <Word id="r_11_tl_31_w5" custom="readingOrder {index:4;}">
                    <Coords points="1782,1818 1782,1878 1865,1878 1865,1818"/>
                    <TextEquiv>
                        <Unicode>selbst</Unicode>
                    </TextEquiv>
                </Word>
                <Word id="r_11_tl_31_w6" custom="readingOrder {index:5;}">
                    <Coords points="1888,1819 1888,1879 1988,1879 1988,1819"/>
                    <TextEquiv>
                        <Unicode>Herrn</Unicode>
                    </TextEquiv>
                </Word>
                <Word id="r_11_tl_31_w7" custom="readingOrder {index:6;}">
                    <Coords points="2016,1819 2016,1879 2071,1879 2071,1819"/>
                    <TextEquiv>
                        <Unicode>von</Unicode>
                    </TextEquiv>
                </Word>
                <Word id="r_11_tl_31_w8" custom="readingOrder {index:7;}">
                    <Coords points="2105,1822 2105,1882 2199,1882 2199,1822"/>
                    <TextEquiv>
                        <Unicode>Justi</Unicode>
                    </TextEquiv>
                </Word>
                <Word id="r_11_tl_31_w9" custom="readingOrder {index:8;}">
                    <Coords points="2222,1825 2222,1885 2310,1885 2310,1825"/>
                    <TextEquiv>
                        <Unicode>über¬</Unicode>
                    </TextEquiv>
                </Word>
                <TextEquiv>
                    <Unicode>und den innern Einfluß selbst Herrn von Justi über¬</Unicode>
                </TextEquiv>
            </TextLine>
            <TextLine id="r_11_tl_32" custom="readingOrder {index:31;}">
                <Coords points="1310,1905 2311,1930 2311,1875 1308,1852"/>
                <Baseline points="1325,1898 1370,1901 1415,1904 1459,1904 1504,1907 1549,1904 1594,1907 1639,1907 1683,1907 1728,1907 1773,1907 1818,1907 1862,1907 1907,1907 1952,1907 1997,1910 2042,1910 2086,1910 2131,1910 2176,1910 2221,1910 2266,1913 2310,1913 2316,1916"/>
                <Word id="r_11_tl_32_w1" custom="readingOrder {index:0;}">
                    <Coords points="1314,1860 1314,1920 1414,1920 1414,1860"/>
                    <TextEquiv>
                        <Unicode>läßet.</Unicode>
                    </TextEquiv>
                </Word>
                <Word id="r_11_tl_32_w2" custom="readingOrder {index:1;}">
                    <Coords points="1443,1865 1443,1925 1615,1925 1615,1865"/>
                    <TextEquiv>
                        <Unicode>Mahlerey</Unicode>
                    </TextEquiv>
                </Word>
                <Word id="r_11_tl_32_w3" custom="readingOrder {index:2;}">
                    <Coords points="1644,1867 1644,1927 1699,1927 1699,1867"/>
                    <TextEquiv>
                        <Unicode>und</Unicode>
                    </TextEquiv>
                </Word>
                <Word id="r_11_tl_32_w4" custom="readingOrder {index:3;}">
                    <Coords points="1722,1867 1722,1927 1923,1927 1923,1867"/>
                    <TextEquiv>
                        <Unicode>Gemählde,</Unicode>
                    </TextEquiv>
                </Word>
                <Word id="r_11_tl_32_w5" custom="readingOrder {index:4;}">
                    <Coords points="1940,1870 1940,1930 2091,1930 2091,1870"/>
                    <TextEquiv>
                        <Unicode>Künstler</Unicode>
                    </TextEquiv>
                </Word>
                <Word id="r_11_tl_32_w6" custom="readingOrder {index:5;}">
                    <Coords points="2119,1870 2119,1930 2174,1930 2174,1870"/>
                    <TextEquiv>
                        <Unicode>und</Unicode>
                    </TextEquiv>
                </Word>
                <Word id="r_11_tl_32_w7" custom="readingOrder {index:6;}">
                    <Coords points="2198,1872 2198,1932 2309,1932 2309,1872"/>
                    <TextEquiv>
                        <Unicode>Hand¬</Unicode>
                    </TextEquiv>
                </Word>
                <TextEquiv>
                    <Unicode>läßet. Mahlerey und Gemählde, Künstler und Hand¬</Unicode>
                </TextEquiv>
            </TextLine>
            <TextLine id="r_11_tl_33" custom="readingOrder {index:32;}">
                <Coords points="1310,1958 2311,1971 2311,1930 2233,1920 1310,1905"/>
                <Baseline points="1325,1946 1370,1949 1415,1949 1459,1952 1504,1955 1549,1955 1594,1955 1639,1958 1683,1955 1728,1955 1773,1958 1818,1958 1862,1958 1907,1958 1952,1958 1997,1958 2042,1955 2086,1955 2131,1955 2176,1958 2221,1958 2266,1958 2310,1961 2316,1958"/>
                <Word id="r_11_tl_33_w1" custom="readingOrder {index:0;}">
                    <Coords points="1321,1909 1321,1969 1457,1969 1457,1909"/>
                    <TextEquiv>
                        <Unicode>werker,</Unicode>
                    </TextEquiv>
                </Word>
                <Word id="r_11_tl_33_w2" custom="readingOrder {index:1;}">
                    <Coords points="1474,1915 1474,1975 1547,1975 1547,1915"/>
                    <TextEquiv>
                        <Unicode>alles</Unicode>
                    </TextEquiv>
                </Word>
                <Word id="r_11_tl_33_w3" custom="readingOrder {index:2;}">
                    <Coords points="1569,1915 1569,1975 1605,1975 1605,1915"/>
                    <TextEquiv>
                        <Unicode>ist</Unicode>
                    </TextEquiv>
                </Word>
                <Word id="r_11_tl_33_w4" custom="readingOrder {index:3;}">
                    <Coords points="1622,1917 1622,1977 1669,1977 1669,1917"/>
                    <TextEquiv>
                        <Unicode>ihm</Unicode>
                    </TextEquiv>
                </Word>
                <Word id="r_11_tl_33_w5" custom="readingOrder {index:4;}">
                    <Coords points="1712,1918 1712,1978 1870,1978 1870,1918"/>
                    <TextEquiv>
                        <Unicode>einerley:</Unicode>
                    </TextEquiv>
                </Word>
                <Word id="r_11_tl_33_w6" custom="readingOrder {index:5;}">
                    <Coords points="1881,1918 1881,1978 1954,1978 1954,1918"/>
                    <TextEquiv>
                        <Unicode>denn</Unicode>
                    </TextEquiv>
                </Word>
                <Word id="r_11_tl_33_w7" custom="readingOrder {index:6;}">
                    <Coords points="1982,1916 1982,1976 2045,1976 2045,1916"/>
                    <TextEquiv>
                        <Unicode>wer</Unicode>
                    </TextEquiv>
                </Word>
                <Word id="r_11_tl_33_w8" custom="readingOrder {index:7;}">
                    <Coords points="2066,1915 2066,1975 2145,1975 2145,1915"/>
                    <TextEquiv>
                        <Unicode>wird</Unicode>
                    </TextEquiv>
                </Word>
                <Word id="r_11_tl_33_w9" custom="readingOrder {index:8;}">
                    <Coords points="2167,1918 2167,1978 2245,1978 2245,1918"/>
                    <TextEquiv>
                        <Unicode>sonst</Unicode>
                    </TextEquiv>
                </Word>
                <Word id="r_11_tl_33_w10" custom="readingOrder {index:9;}">
                    <Coords points="2262,1919 2262,1979 2303,1979 2303,1919"/>
                    <TextEquiv>
                        <Unicode>die</Unicode>
                    </TextEquiv>
                </Word>
                <TextEquiv>
                    <Unicode>werker, alles ist ihm einerley: denn wer wird sonst die</Unicode>
                </TextEquiv>
            </TextLine>
            <TextLine id="r_11_tl_34" custom="readingOrder {index:33;}">
                <Coords points="1320,2011 2313,2024 2313,1971 2250,1963 1320,1958"/>
                <Baseline points="1334,1994 1379,2000 1424,2000 1468,2003 1513,2000 1558,2003 1603,2003 1648,2003 1692,2003 1737,2003 1782,2003 1827,2006 1871,2006 1916,2006 1961,2006 2006,2003 2051,2003 2095,2003 2140,2003 2185,2003 2230,2003 2274,2006 2319,2006"/>
                <Word id="r_11_tl_34_w1" custom="readingOrder {index:0;}">
                    <Coords points="1325,1960 1325,2020 1500,2020 1500,1960"/>
                    <TextEquiv>
                        <Unicode>Mahlerey</Unicode>
                    </TextEquiv>
                </Word>
                <Word id="r_11_tl_34_w2" custom="readingOrder {index:1;}">
                    <Coords points="1527,1963 1527,2023 1637,2023 1637,1963"/>
                    <TextEquiv>
                        <Unicode>anders</Unicode>
                    </TextEquiv>
                </Word>
                <Word id="r_11_tl_34_w3" custom="readingOrder {index:2;}">
                    <Coords points="1665,1963 1665,2023 1711,2023 1711,1963"/>
                    <TextEquiv>
                        <Unicode>als</Unicode>
                    </TextEquiv>
                </Word>
                <Word id="r_11_tl_34_w4" custom="readingOrder {index:3;}">
                    <Coords points="1733,1963 1733,2023 1833,2023 1833,1963"/>
                    <TextEquiv>
                        <Unicode>schöne</Unicode>
                    </TextEquiv>
                </Word>
                <Word id="r_11_tl_34_w5" custom="readingOrder {index:4;}">
                    <Coords points="1861,1966 1861,2026 1966,2026 1966,1966"/>
                    <TextEquiv>
                        <Unicode>Kunst</Unicode>
                    </TextEquiv>
                </Word>
                <Word id="r_11_tl_34_w6" custom="readingOrder {index:5;}">
                    <Coords points="1993,1963 1993,2023 2205,2023 2205,1963"/>
                    <TextEquiv>
                        <Unicode>betrachten?</Unicode>
                    </TextEquiv>
                </Word>
                <Word id="r_11_tl_34_w7" custom="readingOrder {index:6;}">
                    <Coords points="2232,1965 2232,2025 2300,2025 2300,1965"/>
                    <TextEquiv>
                        <Unicode>Und</Unicode>
                    </TextEquiv>
                </Word>
                <TextEquiv>
                    <Unicode>Mahlerey anders als schöne Kunst betrachten? Und</Unicode>
                </TextEquiv>
            </TextLine>
            <TextLine id="r_11_tl_35" custom="readingOrder {index:34;}">
                <Coords points="1313,2061 2311,2061 2311,2021 2220,2003 1978,2031 1313,2013"/>
                <Baseline points="1328,2045 1373,2048 1418,2048 1462,2051 1507,2051 1552,2051 1597,2051 1642,2051 1686,2051 1731,2051 1776,2054 1821,2051 1865,2054 1910,2054 1955,2054 2000,2054 2045,2054 2089,2054 2134,2054 2179,2051 2224,2051 2269,2054 2313,2054 2316,2054"/>
                <Word id="r_11_tl_35_w1" custom="readingOrder {index:0;}">
                    <Coords points="1318,2006 1318,2066 1392,2066 1392,2006"/>
                    <TextEquiv>
                        <Unicode>wird</Unicode>
                    </TextEquiv>
                </Word>
                <Word id="r_11_tl_35_w2" custom="readingOrder {index:1;}">
                    <Coords points="1419,2010 1419,2070 1499,2070 1499,2010"/>
                    <TextEquiv>
                        <Unicode>nicht</Unicode>
                    </TextEquiv>
                </Word>
                <Word id="r_11_tl_35_w3" custom="readingOrder {index:2;}">
                    <Coords points="1515,2011 1515,2071 1568,2071 1568,2011"/>
                    <TextEquiv>
                        <Unicode>das</Unicode>
                    </TextEquiv>
                </Word>
                <Word id="r_11_tl_35_w4" custom="readingOrder {index:3;}">
                    <Coords points="1596,2011 1596,2071 1690,2071 1690,2011"/>
                    <TextEquiv>
                        <Unicode>ganze</Unicode>
                    </TextEquiv>
                </Word>
                <Word id="r_11_tl_35_w5" custom="readingOrder {index:4;}">
                    <Coords points="1712,2013 1712,2073 1818,2073 1818,2013"/>
                    <TextEquiv>
                        <Unicode>Stück</Unicode>
                    </TextEquiv>
                </Word>
                <Word id="r_11_tl_35_w6" custom="readingOrder {index:5;}">
                    <Coords points="1835,2014 1835,2074 1984,2074 1984,2014"/>
                    <TextEquiv>
                        <Unicode>Satyre,</Unicode>
                    </TextEquiv>
                </Word>
                <Word id="r_11_tl_35_w7" custom="readingOrder {index:6;}">
                    <Coords points="2000,2014 2000,2074 2085,2074 2085,2014"/>
                    <TextEquiv>
                        <Unicode>wenn</Unicode>
                    </TextEquiv>
                </Word>
                <Word id="r_11_tl_35_w8" custom="readingOrder {index:7;}">
                    <Coords points="2112,2013 2112,2073 2170,2073 2170,2013"/>
                    <TextEquiv>
                        <Unicode>wir</Unicode>
                    </TextEquiv>
                </Word>
                <Word id="r_11_tl_35_w9" custom="readingOrder {index:8;}">
                    <Coords points="2193,2012 2193,2072 2309,2072 2309,2012"/>
                    <TextEquiv>
                        <Unicode>folgen=</Unicode>
                    </TextEquiv>
                </Word>
                <TextEquiv>
                    <Unicode>wird nicht das ganze Stück Satyre, wenn wir folgen=</Unicode>
                </TextEquiv>
            </TextLine>
            <TextLine id="r_11_tl_36" custom="readingOrder {index:35;}">
                <Coords points="1310,2109 2311,2119 2311,2061 2177,2054 1310,2069"/>
                <Baseline points="1325,2095 1361,2095 1406,2098 1450,2098 1495,2098 1540,2098 1585,2095 1630,2095 1674,2095 1720,2094 1720,2094 1767,2098 1812,2098 1857,2098 1901,2098 1946,2101 1991,2101 2036,2101 2080,2101 2125,2101 2170,2101 2215,2101 2260,2101 2304,2101 2316,2101"/>
                <Word id="r_11_tl_36_w1" custom="readingOrder {index:0;}">
                    <Coords points="1316,2055 1316,2115 1364,2115 1364,2055"/>
                    <TextEquiv>
                        <Unicode>den</Unicode>
                    </TextEquiv>
                </Word>
                <Word id="r_11_tl_36_w2" custom="readingOrder {index:1;}">
                    <Coords points="1392,2058 1392,2118 1517,2118 1517,2058"/>
                    <TextEquiv>
                        <Unicode>Schluß</Unicode>
                    </TextEquiv>
                </Word>
                <Word id="r_11_tl_36_w3" custom="readingOrder {index:2;}">
                    <Coords points="1545,2055 1545,2115 1664,2115 1664,2055"/>
                    <TextEquiv>
                        <Unicode>hören:</Unicode>
                    </TextEquiv>
                </Word>
                <Word id="r_11_tl_36_w4" custom="readingOrder {index:3;}">
                    <Coords points="1681,2054 1681,2114 1773,2114 1773,2054"/>
                    <TextEquiv>
                        <Unicode>"Wir</Unicode>
                    </TextEquiv>
                </Word>
                <Word id="r_11_tl_36_w5" custom="readingOrder {index:4;}">
                    <Coords points="1790,2058 1790,2118 1905,2118 1905,2058"/>
                    <TextEquiv>
                        <Unicode>können</Unicode>
                    </TextEquiv>
                </Word>
                <Word id="r_11_tl_36_w6" custom="readingOrder {index:5;}">
                    <Coords points="1933,2061 1933,2121 1959,2121 1959,2061"/>
                    <TextEquiv>
                        <Unicode>zu</Unicode>
                    </TextEquiv>
                </Word>
                <Word id="r_11_tl_36_w7" custom="readingOrder {index:6;}">
                    <Coords points="1993,2061 1993,2121 2074,2121 2074,2061"/>
                    <TextEquiv>
                        <Unicode>ihrem</Unicode>
                    </TextEquiv>
                </Word>
                <Word id="r_11_tl_36_w8" custom="readingOrder {index:7;}">
                    <Coords points="2113,2061 2113,2121 2188,2121 2188,2061"/>
                    <TextEquiv>
                        <Unicode>Lobe</Unicode>
                    </TextEquiv>
                </Word>
                <Word id="r_11_tl_36_w9" custom="readingOrder {index:8;}">
                    <Coords points="2205,2061 2205,2121 2303,2121 2303,2061"/>
                    <TextEquiv>
                        <Unicode>nichts</Unicode>
                    </TextEquiv>
                </Word>
                <TextEquiv>
                    <Unicode>den Schluß hören: "Wir können zu ihrem Lobe nichts</Unicode>
                </TextEquiv>
            </TextLine>
            <TextLine id="r_11_tl_37" custom="readingOrder {index:36;}">
                <Coords points="1310,2150 2306,2165 2273,2109 1310,2107"/>
                <Baseline points="1325,2125 1370,2137 1415,2146 1459,2146 1504,2146 1549,2143 1594,2143 1639,2143 1683,2143 1728,2143 1773,2143 1818,2146 1862,2146 1907,2146 1952,2146 1997,2146 2042,2149 2086,2149 2131,2149 2176,2149 2221,2149 2266,2149 2310,2152 2313,2149"/>
                <Word id="r_11_tl_37_w1" custom="readingOrder {index:0;}">
                    <Coords points="1315,2106 1315,2166 1560,2166 1560,2106"/>
                    <TextEquiv>
                        <Unicode>"gründlichers</Unicode>
                    </TextEquiv>
                </Word>
                <Word id="r_11_tl_37_w2" custom="readingOrder {index:1;}">
                    <Coords points="1582,2103 1582,2163 1694,2163 1694,2103"/>
                    <TextEquiv>
                        <Unicode>sagen,</Unicode>
                    </TextEquiv>
                </Word>
                <Word id="r_11_tl_37_w3" custom="readingOrder {index:2;}">
                    <Coords points="1711,2103 1711,2163 1759,2163 1759,2103"/>
                    <TextEquiv>
                        <Unicode>als</Unicode>
                    </TextEquiv>
                </Word>
                <Word id="r_11_tl_37_w4" custom="readingOrder {index:3;}">
                    <Coords points="1786,2105 1786,2165 1849,2165 1849,2105"/>
                    <TextEquiv>
                        <Unicode>was</Unicode>
                    </TextEquiv>
                </Word>
                <Word id="r_11_tl_37_w5" custom="readingOrder {index:4;}">
                    <Coords points="1876,2106 1876,2166 1935,2166 1935,2106"/>
                    <TextEquiv>
                        <Unicode>wir</Unicode>
                    </TextEquiv>
                </Word>
                <Word id="r_11_tl_37_w6" custom="readingOrder {index:5;}">
                    <Coords points="1957,2106 1957,2166 2063,2166 2063,2106"/>
                    <TextEquiv>
                        <Unicode>gesagt</Unicode>
                    </TextEquiv>
                </Word>
                <Word id="r_11_tl_37_w7" custom="readingOrder {index:6;}">
                    <Coords points="2080,2109 2080,2169 2202,2169 2202,2109"/>
                    <TextEquiv>
                        <Unicode>haben.</Unicode>
                    </TextEquiv>
                </Word>
                <Word id="r_11_tl_37_w8" custom="readingOrder {index:7;}">
                    <Coords points="2230,2109 2230,2169 2304,2169 2304,2109"/>
                    <TextEquiv>
                        <Unicode>Wir</Unicode>
                    </TextEquiv>
                </Word>
                <TextEquiv>
                    <Unicode>"gründlichers sagen, als was wir gesagt haben. Wir</Unicode>
                </TextEquiv>
            </TextLine>
            <TextLine id="r_11_tl_38" custom="readingOrder {index:37;}">
                <Coords points="1308,2185 2308,2210 2306,2165 2271,2160 1308,2150"/>
                <Baseline points="1322,2176 1367,2185 1412,2191 1456,2194 1501,2191 1546,2191 1591,2191 1636,2191 1680,2188 1725,2188 1770,2188 1815,2191 1859,2191 1904,2191 1949,2194 1994,2194 2039,2197 2083,2197 2128,2197 2173,2197 2218,2197 2263,2200 2307,2200 2313,2203"/>
                <Word id="r_11_tl_38_w1" custom="readingOrder {index:0;}">
                    <Coords points="1308,2146 1308,2206 1449,2206 1449,2146"/>
                    <TextEquiv>
                        <Unicode>"können</Unicode>
                    </TextEquiv>
                </Word>
                <Word id="r_11_tl_38_w2" custom="readingOrder {index:1;}">
                    <Coords points="1477,2151 1477,2211 1558,2211 1558,2151"/>
                    <TextEquiv>
                        <Unicode>ohne</Unicode>
                    </TextEquiv>
                </Word>
                <Word id="r_11_tl_38_w3" custom="readingOrder {index:2;}">
                    <Coords points="1581,2151 1581,2211 1629,2211 1629,2151"/>
                    <TextEquiv>
                        <Unicode>den</Unicode>
                    </TextEquiv>
                </Word>
                <Word id="r_11_tl_38_w4" custom="readingOrder {index:3;}">
                    <Coords points="1657,2148 1657,2208 1760,2208 1760,2148"/>
                    <TextEquiv>
                        <Unicode>Staat</Unicode>
                    </TextEquiv>
                </Word>
                <Word id="r_11_tl_38_w5" custom="readingOrder {index:4;}">
                    <Coords points="1782,2149 1782,2209 1810,2209 1810,2149"/>
                    <TextEquiv>
                        <Unicode>zu</Unicode>
                    </TextEquiv>
                </Word>
                <Word id="r_11_tl_38_w6" custom="readingOrder {index:5;}">
                    <Coords points="1843,2152 1843,2212 2011,2212 2011,2152"/>
                    <TextEquiv>
                        <Unicode>beleidigen</Unicode>
                    </TextEquiv>
                </Word>
                <Word id="r_11_tl_38_w7" custom="readingOrder {index:6;}">
                    <Coords points="2039,2157 2039,2217 2191,2217 2191,2157"/>
                    <TextEquiv>
                        <Unicode>öffentlich</Unicode>
                    </TextEquiv>
                </Word>
                <Word id="r_11_tl_38_w8" custom="readingOrder {index:7;}">
                    <Coords points="2213,2159 2213,2219 2305,2219 2305,2159"/>
                    <TextEquiv>
                        <Unicode>wün=</Unicode>
                    </TextEquiv>
                </Word>
                <TextEquiv>
                    <Unicode>"können ohne den Staat zu beleidigen öffentlich wün=</Unicode>
                </TextEquiv>
            </TextLine>
            <TextLine id="r_11_tl_39" custom="readingOrder {index:38;}">
                <Coords points="1323,2248 2303,2258 2303,2213 2243,2208 1323,2192"/>
                <Baseline points="1337,2227 1382,2239 1427,2242 1471,2242 1516,2242 1561,2236 1606,2236 1650,2236 1695,2236 1740,2236 1785,2236 1830,2236 1874,2236 1919,2239 1964,2239 2009,2242 2054,2242 2098,2242 2143,2245 2188,2245 2233,2245 2277,2248 2310,2248"/>
                <Word id="r_11_tl_39_w1" custom="readingOrder {index:0;}">
                    <Coords points="1323,2199 1323,2259 1447,2259 1447,2199"/>
                    <TextEquiv>
                        <Unicode>"schen,</Unicode>
                    </TextEquiv>
                </Word>
                <Word id="r_11_tl_39_w2" custom="readingOrder {index:1;}">
                    <Coords points="1464,2202 1464,2262 1518,2262 1518,2202"/>
                    <TextEquiv>
                        <Unicode>daß</Unicode>
                    </TextEquiv>
                </Word>
                <Word id="r_11_tl_39_w3" custom="readingOrder {index:2;}">
                    <Coords points="1557,2196 1557,2256 1654,2256 1654,2196"/>
                    <TextEquiv>
                        <Unicode>weder</Unicode>
                    </TextEquiv>
                </Word>
                <Word id="r_11_tl_39_w4" custom="readingOrder {index:3;}">
                    <Coords points="1681,2196 1681,2256 1828,2256 1828,2196"/>
                    <TextEquiv>
                        <Unicode>Advokat</Unicode>
                    </TextEquiv>
                </Word>
                <Word id="r_11_tl_39_w5" custom="readingOrder {index:4;}">
                    <Coords points="1850,2196 1850,2256 1915,2256 1915,2196"/>
                    <TextEquiv>
                        <Unicode>noch</Unicode>
                    </TextEquiv>
                </Word>
                <Word id="r_11_tl_39_w6" custom="readingOrder {index:5;}">
                    <Coords points="1943,2201 1943,2261 2072,2261 2072,2201"/>
                    <TextEquiv>
                        <Unicode>Richter</Unicode>
                    </TextEquiv>
                </Word>
                <Word id="r_11_tl_39_w7" custom="readingOrder {index:6;}">
                    <Coords points="2100,2204 2100,2264 2165,2264 2165,2204"/>
                    <TextEquiv>
                        <Unicode>seyn</Unicode>
                    </TextEquiv>
                </Word>
                <Word id="r_11_tl_39_w8" custom="readingOrder {index:7;}">
                    <Coords points="2193,2206 2193,2266 2306,2266 2306,2206"/>
                    <TextEquiv>
                        <Unicode>möge;</Unicode>
                    </TextEquiv>
                </Word>
                <TextEquiv>
                    <Unicode>"schen, daß weder Advokat noch Richter seyn möge;</Unicode>
                </TextEquiv>
            </TextLine>
            <TextLine id="r_11_tl_40" custom="readingOrder {index:39;}">
                <Coords points="1320,2283 2303,2301 2303,2258 2177,2248 1320,2240"/>
                <Baseline points="1334,2277 1379,2286 1424,2289 1468,2286 1513,2286 1558,2283 1603,2283 1648,2283 1692,2283 1737,2283 1782,2283 1827,2283 1871,2283 1916,2283 1961,2283 2006,2286 2051,2286 2095,2286 2140,2286 2185,2289 2230,2289 2274,2289 2310,2292"/>
                <Word id="r_11_tl_40_w1" custom="readingOrder {index:0;}">
                    <Coords points="1320,2243 1320,2303 1410,2303 1410,2243"/>
                    <TextEquiv>
                        <Unicode>"aber</Unicode>
                    </TextEquiv>
                </Word>
                <Word id="r_11_tl_40_w2" custom="readingOrder {index:1;}">
                    <Coords points="1437,2246 1437,2306 1526,2306 1526,2246"/>
                    <TextEquiv>
                        <Unicode>solten</Unicode>
                    </TextEquiv>
                </Word>
                <Word id="r_11_tl_40_w3" custom="readingOrder {index:2;}">
                    <Coords points="1564,2243 1564,2303 1617,2303 1617,2243"/>
                    <TextEquiv>
                        <Unicode>wir</Unicode>
                    </TextEquiv>
                </Word>
                <Word id="r_11_tl_40_w4" custom="readingOrder {index:3;}">
                    <Coords points="1644,2243 1644,2303 1776,2303 1776,2243"/>
                    <TextEquiv>
                        <Unicode>Mahler</Unicode>
                    </TextEquiv>
                </Word>
                <Word id="r_11_tl_40_w5" custom="readingOrder {index:4;}">
                    <Coords points="1803,2243 1803,2303 1988,2303 1988,2243"/>
                    <TextEquiv>
                        <Unicode>vermissen,</Unicode>
                    </TextEquiv>
                </Word>
                <Word id="r_11_tl_40_w6" custom="readingOrder {index:5;}">
                    <Coords points="2010,2246 2010,2306 2031,2306 2031,2246"/>
                    <TextEquiv>
                        <Unicode>so</Unicode>
                    </TextEquiv>
                </Word>
                <Word id="r_11_tl_40_w7" custom="readingOrder {index:6;}">
                    <Coords points="2052,2246 2052,2306 2211,2306 2211,2246"/>
                    <TextEquiv>
                        <Unicode>wünschen</Unicode>
                    </TextEquiv>
                </Word>
                <Word id="r_11_tl_40_w8" custom="readingOrder {index:7;}">
                    <Coords points="2238,2249 2238,2309 2296,2309 2296,2249"/>
                    <TextEquiv>
                        <Unicode>wir</Unicode>
                    </TextEquiv>
                </Word>
                <TextEquiv>
                    <Unicode>"aber solten wir Mahler vermissen, so wünschen wir</Unicode>
                </TextEquiv>
            </TextLine>
            <TextLine id="r_11_tl_41" custom="readingOrder {index:40;}">
                <Coords points="1326,2346 2311,2344 2311,2301 2238,2293 1326,2286"/>
                <Baseline points="1340,2334 1385,2334 1430,2337 1474,2337 1519,2334 1564,2334 1609,2334 1653,2331 1698,2331 1743,2331 1788,2331 1833,2334 1877,2331 1922,2334 1967,2331 2012,2331 2057,2331 2101,2334 2146,2334 2191,2334 2236,2334 2280,2337 2316,2340"/>
                <Word id="r_11_tl_41_w1" custom="readingOrder {index:0;}">
                    <Coords points="1326,2294 1326,2354 1442,2354 1442,2294"/>
                    <TextEquiv>
                        <Unicode>"nichts</Unicode>
                    </TextEquiv>
                </Word>
                <Word id="r_11_tl_41_w2" custom="readingOrder {index:1;}">
                    <Coords points="1464,2296 1464,2356 1511,2356 1511,2296"/>
                    <TextEquiv>
                        <Unicode>als</Unicode>
                    </TextEquiv>
                </Word>
                <Word id="r_11_tl_41_w3" custom="readingOrder {index:2;}">
                    <Coords points="1533,2294 1533,2354 1596,2354 1596,2294"/>
                    <TextEquiv>
                        <Unicode>eine</Unicode>
                    </TextEquiv>
                </Word>
                <Word id="r_11_tl_41_w4" custom="readingOrder {index:3;}">
                    <Coords points="1618,2291 1618,2351 1708,2351 1708,2291"/>
                    <TextEquiv>
                        <Unicode>große</Unicode>
                    </TextEquiv>
                </Word>
                <Word id="r_11_tl_41_w5" custom="readingOrder {index:4;}">
                    <Coords points="1725,2292 1725,2352 2064,2352 2064,2292"/>
                    <TextEquiv>
                        <Unicode>Unvollkommenheit</Unicode>
                    </TextEquiv>
                </Word>
                <Word id="r_11_tl_41_w6" custom="readingOrder {index:5;}">
                    <Coords points="2086,2294 2086,2354 2133,2354 2133,2294"/>
                    <TextEquiv>
                        <Unicode>des</Unicode>
                    </TextEquiv>
                </Word>
                <Word id="r_11_tl_41_w7" custom="readingOrder {index:6;}">
                    <Coords points="2150,2294 2150,2354 2309,2354 2309,2294"/>
                    <TextEquiv>
                        <Unicode>menschli=</Unicode>
                    </TextEquiv>
                </Word>
                <TextEquiv>
                    <Unicode>"nichts als eine große Unvollkommenheit des menschli=</Unicode>
                </TextEquiv>
            </TextLine>
            <TextLine id="r_11_tl_42" custom="readingOrder {index:41;}">
                <Coords points="1328,2391 2303,2402 2303,2344 1328,2349"/>
                <Baseline points="1343,2382 1388,2382 1433,2385 1477,2382 1522,2379 1567,2379 1612,2376 1656,2376 1701,2373 1746,2376 1791,2379 1836,2379 1880,2379 1925,2379 1970,2379 2015,2379 2060,2382 2104,2382 2149,2382 2194,2382 2239,2385 2283,2385 2310,2388"/>
                <Word id="r_11_tl_42_w1" custom="readingOrder {index:0;}">
                    <Coords points="1323,2342 1323,2402 1409,2402 1409,2342"/>
                    <TextEquiv>
                        <Unicode>„chen</Unicode>
                    </TextEquiv>
                </Word>
                <Word id="r_11_tl_42_w2" custom="readingOrder {index:1;}">
                    <Coords points="1431,2339 1431,2399 1652,2399 1652,2339"/>
                    <TextEquiv>
                        <Unicode>Geschlechts!</Unicode>
                    </TextEquiv>
                </Word>
                <Word id="r_11_tl_42_w3" custom="readingOrder {index:2;}">
                    <Coords points="1663,2334 1663,2394 1700,2394 1700,2334"/>
                    <TextEquiv>
                        <Unicode>--</Unicode>
                    </TextEquiv>
                </Word>
                <Word id="r_11_tl_42_w4" custom="readingOrder {index:3;}">
                    <Coords points="1723,2336 1723,2396 1792,2396 1792,2336"/>
                    <TextEquiv>
                        <Unicode>"In</Unicode>
                    </TextEquiv>
                </Word>
                <Word id="r_11_tl_42_w5" custom="readingOrder {index:4;}">
                    <Coords points="1815,2339 1815,2399 1906,2399 1906,2339"/>
                    <TextEquiv>
                        <Unicode>seiner</Unicode>
                    </TextEquiv>
                </Word>
                <Word id="r_11_tl_42_w6" custom="readingOrder {index:5;}">
                    <Coords points="1923,2339 1923,2399 2019,2399 2019,2339"/>
                    <TextEquiv>
                        <Unicode>letzten</Unicode>
                    </TextEquiv>
                </Word>
                <Word id="r_11_tl_42_w7" custom="readingOrder {index:6;}">
                    <Coords points="2047,2342 2047,2402 2144,2402 2144,2342"/>
                    <TextEquiv>
                        <Unicode>Klage</Unicode>
                    </TextEquiv>
                </Word>
                <Word id="r_11_tl_42_w8" custom="readingOrder {index:7;}">
                    <Coords points="2161,2342 2161,2402 2230,2402 2230,2342"/>
                    <TextEquiv>
                        <Unicode>über</Unicode>
                    </TextEquiv>
                </Word>
                <Word id="r_11_tl_42_w9" custom="readingOrder {index:8;}">
                    <Coords points="2247,2345 2247,2405 2295,2405 2295,2345"/>
                    <TextEquiv>
                        <Unicode>den</Unicode>
                    </TextEquiv>
                </Word>
                <TextEquiv>
                    <Unicode>„chen Geschlechts! -- "In seiner letzten Klage über den</Unicode>
                </TextEquiv>
            </TextLine>
            <TextLine id="r_11_tl_43" custom="readingOrder {index:42;}">
                <Coords points="1320,2442 2303,2444 2303,2402 2200,2389 1663,2379 1499,2409 1320,2381"/>
                <Baseline points="1334,2430 1379,2430 1424,2430 1468,2430 1513,2427 1558,2427 1603,2424 1648,2424 1692,2427 1737,2427 1782,2430 1827,2430 1871,2430 1916,2430 1961,2427 2006,2427 2051,2427 2095,2430 2140,2430 2185,2430 2230,2430 2274,2433 2310,2436"/>
                <Word id="r_11_tl_43_w1" custom="readingOrder {index:0;}">
                    <Coords points="1320,2390 1320,2450 1473,2450 1473,2390"/>
                    <TextEquiv>
                        <Unicode>schlechten</Unicode>
                    </TextEquiv>
                </Word>
                <Word id="r_11_tl_43_w2" custom="readingOrder {index:1;}">
                    <Coords points="1511,2386 1511,2446 1616,2446 1616,2386"/>
                    <TextEquiv>
                        <Unicode>Druck</Unicode>
                    </TextEquiv>
                </Word>
                <Word id="r_11_tl_43_w3" custom="readingOrder {index:2;}">
                    <Coords points="1638,2386 1638,2446 1717,2446 1717,2386"/>
                    <TextEquiv>
                        <Unicode>einer</Unicode>
                    </TextEquiv>
                </Word>
                <Word id="r_11_tl_43_w4" custom="readingOrder {index:3;}">
                    <Coords points="1744,2389 1744,2449 2105,2449 2105,2389"/>
                    <TextEquiv>
                        <Unicode>Hochzeitabhandlung</Unicode>
                    </TextEquiv>
                </Word>
                <Word id="r_11_tl_43_w5" custom="readingOrder {index:4;}">
                    <Coords points="2137,2390 2137,2450 2216,2450 2216,2390"/>
                    <TextEquiv>
                        <Unicode>wird</Unicode>
                    </TextEquiv>
                </Word>
                <Word id="r_11_tl_43_w6" custom="readingOrder {index:5;}">
                    <Coords points="2248,2392 2248,2452 2295,2452 2295,2392"/>
                    <TextEquiv>
                        <Unicode>des</Unicode>
                    </TextEquiv>
                </Word>
                <TextEquiv>
                    <Unicode>schlechten Druck einer Hochzeitabhandlung wird des</Unicode>
                </TextEquiv>
            </TextLine>
            <TextLine id="r_11_tl_44" custom="readingOrder {index:43;}">
                <Coords points="1313,2495 2301,2492 2301,2447 2202,2437 1313,2442"/>
                <Baseline points="1328,2480 1373,2480 1418,2480 1462,2477 1507,2475 1552,2472 1597,2472 1642,2475 1686,2475 1731,2475 1776,2477 1821,2477 1865,2477 1910,2477 1955,2477 2000,2475 2045,2475 2089,2475 2134,2477 2179,2480 2224,2480 2269,2483 2307,2489"/>
                <Word id="r_11_tl_44_w1" custom="readingOrder {index:0;}">
                    <Coords points="1319,2439 1319,2499 1545,2499 1545,2439"/>
                    <TextEquiv>
                        <Unicode>Algarotti</Unicode>
                    </TextEquiv>
                </Word>
                <Word id="r_11_tl_44_w2" custom="readingOrder {index:1;}">
                    <Coords points="1568,2435 1568,2495 1777,2495 1777,2435"/>
                    <TextEquiv>
                        <Unicode>Hypothese,</Unicode>
                    </TextEquiv>
                </Word>
                <Word id="r_11_tl_44_w3" custom="readingOrder {index:2;}">
                    <Coords points="1789,2437 1789,2497 1845,2497 1845,2437"/>
                    <TextEquiv>
                        <Unicode>aus</Unicode>
                    </TextEquiv>
                </Word>
                <Word id="r_11_tl_44_w4" custom="readingOrder {index:3;}">
                    <Coords points="1880,2437 1880,2497 1969,2497 1969,2437"/>
                    <TextEquiv>
                        <Unicode>deßen</Unicode>
                    </TextEquiv>
                </Word>
                <Word id="r_11_tl_44_w5" custom="readingOrder {index:4;}">
                    <Coords points="2010,2435 2010,2495 2117,2495 2117,2435"/>
                    <TextEquiv>
                        <Unicode>lettere</Unicode>
                    </TextEquiv>
                </Word>
                <Word id="r_11_tl_44_w6" custom="readingOrder {index:5;}">
                    <Coords points="2140,2440 2140,2500 2303,2500 2303,2440"/>
                    <TextEquiv>
                        <Unicode>militari,</Unicode>
                    </TextEquiv>
                </Word>
                <TextEquiv>
                    <Unicode>Algarotti Hypothese, aus deßen lettere militari,</Unicode>
                </TextEquiv>
            </TextLine>
            <TextLine id="r_11_tl_45" custom="readingOrder {index:44;}">
                <Coords points="1310,2538 2298,2548 2298,2495 2162,2485 1310,2492"/>
                <Baseline points="1325,2525 1370,2528 1415,2525 1459,2525 1504,2522 1549,2519 1594,2519 1639,2522 1683,2525 1728,2525 1773,2525 1818,2525 1862,2522 1907,2525 1952,2522 1997,2525 2042,2525 2086,2525 2131,2525 2176,2528 2221,2531 2266,2531 2304,2534"/>
                <Word id="r_11_tl_45_w1" custom="readingOrder {index:0;}">
                    <Coords points="1317,2486 1317,2546 1373,2546 1373,2486"/>
                    <TextEquiv>
                        <Unicode>daß</Unicode>
                    </TextEquiv>
                </Word>
                <Word id="r_11_tl_45_w2" custom="readingOrder {index:1;}">
                    <Coords points="1413,2485 1413,2545 1463,2545 1463,2485"/>
                    <TextEquiv>
                        <Unicode>die</Unicode>
                    </TextEquiv>
                </Word>
                <Word id="r_11_tl_45_w3" custom="readingOrder {index:2;}">
                    <Coords points="1487,2480 1487,2540 1743,2540 1743,2480"/>
                    <TextEquiv>
                        <Unicode>Buchdruckerey</Unicode>
                    </TextEquiv>
                </Word>
                <Word id="r_11_tl_45_w4" custom="readingOrder {index:3;}">
                    <Coords points="1772,2485 1772,2545 1823,2545 1823,2485"/>
                    <TextEquiv>
                        <Unicode>den</Unicode>
                    </TextEquiv>
                </Word>
                <Word id="r_11_tl_45_w5" custom="readingOrder {index:4;}">
                    <Coords points="1863,2484 1863,2544 2113,2544 2113,2484"/>
                    <TextEquiv>
                        <Unicode>Wißenschaften</Unicode>
                    </TextEquiv>
                </Word>
                <Word id="r_11_tl_45_w6" custom="readingOrder {index:5;}">
                    <Coords points="2154,2491 2154,2551 2295,2551 2295,2491"/>
                    <TextEquiv>
                        <Unicode>schädlich</Unicode>
                    </TextEquiv>
                </Word>
                <TextEquiv>
                    <Unicode>daß die Buchdruckerey den Wißenschaften schädlich</Unicode>
                </TextEquiv>
            </TextLine>
            <TextLine id="r_11_tl_46" custom="readingOrder {index:45;}">
                <Coords points="1323,2593 2306,2598 2303,2545 2132,2533 1323,2538"/>
                <Baseline points="1337,2576 1382,2573 1427,2576 1471,2573 1516,2570 1561,2567 1606,2567 1650,2570 1695,2573 1740,2573 1785,2573 1830,2573 1874,2573 1919,2573 1964,2573 2009,2573 2054,2576 2098,2576 2143,2579 2188,2579 2233,2582 2277,2582 2310,2582"/>
                <Word id="r_11_tl_46_w1" custom="readingOrder {index:0;}">
                    <Coords points="1324,2535 1324,2595 1363,2595 1363,2535"/>
                    <TextEquiv>
                        <Unicode>sey</Unicode>
                    </TextEquiv>
                </Word>
                <Word id="r_11_tl_46_w2" custom="readingOrder {index:1;}">
                    <Coords points="1386,2535 1386,2595 1471,2595 1471,2535"/>
                    <TextEquiv>
                        <Unicode>nicht</Unicode>
                    </TextEquiv>
                </Word>
                <Word id="r_11_tl_46_w3" custom="readingOrder {index:2;}">
                    <Coords points="1489,2527 1489,2587 1682,2587 1682,2527"/>
                    <TextEquiv>
                        <Unicode>entkräftet,</Unicode>
                    </TextEquiv>
                </Word>
                <Word id="r_11_tl_46_w4" custom="readingOrder {index:3;}">
                    <Coords points="1705,2533 1705,2593 1830,2593 1830,2533"/>
                    <TextEquiv>
                        <Unicode>sondern</Unicode>
                    </TextEquiv>
                </Word>
                <Word id="r_11_tl_46_w5" custom="readingOrder {index:4;}">
                    <Coords points="1870,2533 1870,2593 1961,2593 1961,2533"/>
                    <TextEquiv>
                        <Unicode>durch</Unicode>
                    </TextEquiv>
                </Word>
                <Word id="r_11_tl_46_w6" custom="readingOrder {index:5;}">
                    <Coords points="1996,2534 1996,2594 2053,2594 2053,2534"/>
                    <TextEquiv>
                        <Unicode>das</Unicode>
                    </TextEquiv>
                </Word>
                <Word id="r_11_tl_46_w7" custom="readingOrder {index:6;}">
                    <Coords points="2076,2537 2076,2597 2172,2597 2172,2537"/>
                    <TextEquiv>
                        <Unicode>ganze</Unicode>
                    </TextEquiv>
                </Word>
                <Word id="r_11_tl_46_w8" custom="readingOrder {index:7;}">
                    <Coords points="2207,2542 2207,2602 2297,2602 2297,2542"/>
                    <TextEquiv>
                        <Unicode>Buch</Unicode>
                    </TextEquiv>
                </Word>
                <TextEquiv>
                    <Unicode>sey nicht entkräftet, sondern durch das ganze Buch</Unicode>
                </TextEquiv>
            </TextLine>
            <TextLine id="r_11_tl_47" custom="readingOrder {index:46;}">
                <Coords points="1310,2628 2298,2641 2298,2593 2202,2586 1310,2591"/>
                <Baseline points="1325,2621 1370,2624 1415,2624 1459,2618 1504,2618 1549,2615 1594,2615 1639,2618 1683,2618 1728,2621 1773,2621 1818,2621 1862,2621 1907,2621 1952,2621 1997,2621 2042,2624 2086,2624 2131,2627 2176,2627 2221,2627 2266,2630 2304,2627"/>
                <Word id="r_11_tl_47_w1" custom="readingOrder {index:0;}">
                    <Coords points="1316,2584 1316,2644 1474,2644 1474,2584"/>
                    <TextEquiv>
                        <Unicode>vielmehr</Unicode>
                    </TextEquiv>
                </Word>
                <Word id="r_11_tl_47_w2" custom="readingOrder {index:1;}">
                    <Coords points="1498,2575 1498,2635 1661,2635 1661,2575"/>
                    <TextEquiv>
                        <Unicode>verstärkt.</Unicode>
                    </TextEquiv>
                </Word>
                <Word id="r_11_tl_47_w3" custom="readingOrder {index:2;}">
                    <Coords points="1707,2581 1707,2641 1819,2641 1819,2581"/>
                    <TextEquiv>
                        <Unicode>Kostet</Unicode>
                    </TextEquiv>
                </Word>
                <Word id="r_11_tl_47_w4" custom="readingOrder {index:3;}">
                    <Coords points="1837,2581 1837,2641 1865,2641 1865,2581"/>
                    <TextEquiv>
                        <Unicode>in</Unicode>
                    </TextEquiv>
                </Word>
                <Word id="r_11_tl_47_w5" custom="readingOrder {index:4;}">
                    <Coords points="1888,2581 1888,2641 1938,2641 1938,2581"/>
                    <TextEquiv>
                        <Unicode>der</Unicode>
                    </TextEquiv>
                </Word>
                <Word id="r_11_tl_47_w6" custom="readingOrder {index:5;}">
                    <Coords points="1962,2584 1962,2644 2165,2644 2165,2584"/>
                    <TextEquiv>
                        <Unicode>Kanterschen</Unicode>
                    </TextEquiv>
                </Word>
                <Word id="r_11_tl_47_w7" custom="readingOrder {index:6;}">
                    <Coords points="2194,2588 2194,2648 2300,2648 2300,2588"/>
                    <TextEquiv>
                        <Unicode>Buch=</Unicode>
                    </TextEquiv>
                </Word>
                <TextEquiv>
                    <Unicode>vielmehr verstärkt. Kostet in der Kanterschen Buch=</Unicode>
                </TextEquiv>
            </TextLine>
            <TextLine id="r_11_tl_48" custom="readingOrder {index:47;}">
                <Coords points="1318,2689 2303,2706 2303,2638 1318,2631"/>
                <Baseline points="1331,2672 1376,2672 1421,2672 1465,2669 1510,2666 1555,2666 1600,2666 1645,2666 1689,2669 1734,2669 1779,2672 1824,2672 1868,2672 1913,2672 1958,2672 2003,2672 2048,2675 2092,2675 2137,2678 2182,2678 2227,2678 2271,2678 2310,2678"/>
                <Word id="r_11_tl_48_w1" custom="readingOrder {index:0;}">
                    <Coords points="1321,2632 1321,2692 1483,2692 1483,2632"/>
                    <TextEquiv>
                        <Unicode>handlung</Unicode>
                    </TextEquiv>
                </Word>
                <Word id="r_11_tl_48_w2" custom="readingOrder {index:1;}">
                    <Coords points="1509,2626 1509,2686 1632,2686 1632,2626"/>
                    <TextEquiv>
                        <Unicode>allhier,</Unicode>
                    </TextEquiv>
                </Word>
                <Word id="r_11_tl_48_w3" custom="readingOrder {index:2;}">
                    <Coords points="1653,2628 1653,2688 1711,2688 1711,2628"/>
                    <TextEquiv>
                        <Unicode>wie</Unicode>
                    </TextEquiv>
                </Word>
                <Word id="r_11_tl_48_w4" custom="readingOrder {index:3;}">
                    <Coords points="1731,2630 1731,2690 1795,2690 1795,2630"/>
                    <TextEquiv>
                        <Unicode>auch</Unicode>
                    </TextEquiv>
                </Word>
                <Word id="r_11_tl_48_w5" custom="readingOrder {index:4;}">
                    <Coords points="1823,2632 1823,2692 1848,2692 1848,2632"/>
                    <TextEquiv>
                        <Unicode>in</Unicode>
                    </TextEquiv>
                </Word>
                <Word id="r_11_tl_48_w6" custom="readingOrder {index:5;}">
                    <Coords points="1875,2632 1875,2692 1992,2692 1992,2632"/>
                    <TextEquiv>
                        <Unicode>Elbing</Unicode>
                    </TextEquiv>
                </Word>
                <Word id="r_11_tl_48_w7" custom="readingOrder {index:6;}">
                    <Coords points="2018,2634 2018,2694 2076,2694 2076,2634"/>
                    <TextEquiv>
                        <Unicode>und</Unicode>
                    </TextEquiv>
                </Word>
                <Word id="r_11_tl_48_w8" custom="readingOrder {index:7;}">
                    <Coords points="2097,2638 2097,2698 2200,2698 2200,2638"/>
                    <TextEquiv>
                        <Unicode>Mitau</Unicode>
                    </TextEquiv>
                </Word>
                <Word id="r_11_tl_48_w9" custom="readingOrder {index:8;}">
                    <Coords points="2234,2638 2234,2698 2246,2698 2246,2638"/>
                    <TextEquiv>
                        <Unicode>1</Unicode>
                    </TextEquiv>
                </Word>
                <Word id="r_11_tl_48_w10" custom="readingOrder {index:9;}">
                    <Coords points="2260,2638 2260,2698 2298,2698 2298,2638"/>
                    <TextEquiv>
                        <Unicode>fl.</Unicode>
                    </TextEquiv>
                </Word>
                <TextEquiv>
                    <Unicode>handlung allhier, wie auch in Elbing und Mitau 1 fl.</Unicode>
                </TextEquiv>
            </TextLine>
            <TextEquiv>
                <Unicode></Unicode>
            </TextEquiv>
        </TextRegion>
    </Page>
</PcGts>
