2479 3508
269 372 324 432 von
353 374 402 434 der
425 372 891 432 Patrimonial=Jurisdiction
919 372 969 432 gar
992 372 1091 432 nichts
1114 372 1258 432 gewußt,

281 422 404 482 sondern
436 419 590 479 vielmehr
611 416 657 476 die
673 417 905 477 Landesherrn,
926 419 1055 479 nachdem
1097 416 1163 476 ihre
1184 419 1261 479 Lan¬

268 467 303 527 de
339 467 445 527 erblich
481 464 680 524 geworden,
711 464 762 524 die
788 467 1073 527 Gerichtsbarkeit
1099 467 1256 527 entweder

281 515 392 575 selbst,
419 515 487 575 oder
514 512 598 572 durch
626 512 688 572 ihre
710 515 853 575 Beamte
874 515 1070 575 ausgeübet,
1081 515 1139 575 und
1166 515 1255 575 solche

271 562 357 622 nebst
378 561 490 621 andern
521 560 668 620 Regalien
700 562 755 622 aus
782 563 1016 623 verschiedenen
1042 563 1189 623 Ursachen
1221 561 1251 621 an

284 610 357 670 ihre
379 607 589 667 Unterthanen
622 608 811 668 verpfaͤndet
828 610 890 670 und
917 610 1102 670 veräͤußert,
1124 609 1155 669 ob
1187 607 1260 667 diese

283 658 378 718 gleich
411 658 500 718 lange
527 655 643 715 vorher
675 656 844 716 potestatem
892 656 1077 716 dominicam
1131 658 1263 718 gehabt.

286 706 392 766 Leyser
414 703 499 763 Med.
521 703 552 763 ad
579 705 616 765 ff.
633 703 722 763 Spec.
739 703 861 763 XXIX.
883 703 935 763 M.
947 703 978 763 4.
995 703 1079 763 wenn
1112 703 1138 763 es
1160 703 1266 763 ferner

284 753 377 813 wahr
395 754 444 814 ist,
467 752 521 812 daß
550 752 626 812 viele
644 751 871 811 Guthsherren
893 751 1075 811 Leibeigene
1093 751 1153 811 und
1176 751 1259 811 keine
1309 751 1358 811 der
1392 754 1586 814 Mitglieder
1614 754 1707 814 dieses
1736 754 1890 814 Gerichts
1925 756 2007 816 heißt
2035 760 2289 820 Marckenrecht.

293 801 513 861 Jurisdiction
539 800 614 860 über
635 798 785 858 dieselbe,
811 800 871 860 und
897 798 1012 858 andere
1032 801 1077 861 die
1103 798 1268 858 Patrimo¬

292 849 598 909 nial=Jurisdiction
626 846 684 906 und
716 846 795 906 keine
817 846 997 906 Leibeigene
1018 847 1151 907 gehabt.
1188 846 1278 906 Sel¬

288 895 358 955 chow
394 894 495 954 Elem.
506 892 571 952 Iur.
587 891 698 951 Germ.
709 894 738 954 §.
754 894 835 954 290.
846 894 901 954 und
927 894 1135 954 Engelbrecht
1150 893 1241 953 Spec.
1252 891 1276 951 I.

288 942 373 1002 Obs.
389 940 426 1000 3.
448 940 532 1000 wenn
564 939 675 999 endlich
703 939 750 999 der
772 942 941 1002 Endzweck
969 940 1016 1000 der
1043 942 1260 1002 Jurisdiction

288 987 350 1047 und
376 987 422 1047 des
444 987 824 1047 Leibeigenthumsrechts
850 987 1063 1047 himmelweit
1085 990 1136 1050 von
1168 987 1276 1047 einan¬

297 1034 350 1094 der
372 1034 625 1094 unterschieden,
647 1034 673 1094 so
696 1034 825 1094 erhellet
853 1034 911 1094 aus
934 1031 1030 1091 diesem
1074 1037 1149 1097 allen
1176 1034 1273 1094 offen=
1312 1028 1338 1088 in
1366 1031 1543 1091 Westphal.
1560 1034 1597 1094 T.
1614 1034 1640 1094 I.
1657 1037 1808 1097 monum.
1825 1037 1851 1097 in
1873 1040 1997 1100 editor.
2013 1039 2045 1099 p.
2067 1040 2169 1100 1270.
2202 1042 2282 1102 Das

293 1081 375 1141 bar,
402 1081 453 1141 daß
490 1081 536 1141 die
558 1082 697 1142 Gründe
718 1081 769 1141 des
796 1081 899 1141 Herrn
926 1079 1086 1139 Tornov,
1108 1079 1273 1139 Heineccii

293 1130 353 1190 und
379 1127 429 1187 des
455 1127 556 1187 Herrn
583 1126 760 1186 Verfassers
786 1125 841 1185 von
867 1126 917 1186 dem
958 1125 1120 1185 Ursprung
1146 1127 1192 1187 der
1213 1123 1278 1183 Pa¬

298 1172 701 1232 trimonial=Jurisdiction
733 1172 788 1232 von
813 1172 960 1232 geringre
980 1172 1208 1232 Erheblichkeit
1223 1169 1283 1229 sey,

301 1219 467 1279 besonders
493 1219 574 1279 wenn
605 1219 660 1279 wir
686 1219 751 1279 auch
782 1218 822 1278 die
848 1218 1000 1278 peinliche
1025 1216 1283 1276 Gerichtbarkeit

296 1270 370 1330 dazu
392 1269 514 1329 rechnen
541 1267 668 1327 wollen.
696 1264 780 1324 Kreß
808 1264 839 1324 de
861 1265 956 1325 variis
973 1264 1206 1324 lurisdictionis
1223 1260 1281 1320 cri-

299 1319 432 1379 minalis
460 1318 482 1378 in
516 1315 693 1375 Germania
722 1315 893 1375 generibus
922 1315 949 1375 c.
967 1316 1011 1376 II.
1028 1315 1110 1375 Obs.
1128 1315 1166 1375 V.
1189 1314 1227 1374 §.
1244 1310 1277 1370 6.

293 1369 336 1429 2)
364 1364 440 1424 Daß
468 1369 555 1429 unter
577 1369 626 1429 dem
665 1367 790 1427 Namen
828 1366 877 1426 der
899 1366 1002 1426 freyen
1041 1367 1128 1427 Leute
1156 1366 1281 1426 vorzei¬

296 1416 342 1476 ten
369 1416 415 1476 der
436 1416 560 1476 niedere
576 1416 654 1476 Adel
670 1416 752 1476 allein
784 1416 1017 1476 vorgekommen
1054 1416 1100 1476 (§.
1111 1418 1162 1478 4.)
1189 1413 1271 1473 Herr

301 1464 424 1524 Scheid
456 1461 482 1521 im
524 1462 652 1522 Tractat
684 1461 735 1521 vom
782 1464 864 1524 Adel
891 1464 921 1524 p.
943 1464 1025 1524 109.
1051 1463 1076 1523 et
1098 1461 1118 1521 in
1144 1461 1278 1521 Mantis.

301 1517 338 1577 p.
354 1515 385 1575 9.
407 1515 433 1575 in
460 1512 560 1572 praef.
582 1512 640 1572 hat
662 1511 725 1571 mit
746 1512 1000 1572 diplomatischen
1038 1510 1202 1570 Beweisen
1234 1507 1281 1567 er=

299 1560 428 1620 härtet,
451 1560 504 1620 daß
532 1560 597 1620 nach
625 1560 673 1620 der
695 1560 819 1620 Regel,
847 1560 917 1620 auch
940 1559 988 1619 der
1016 1560 1091 1620 hohe
1119 1559 1194 1619 Adel
1217 1557 1265 1617 die

303 1605 344 1665 sen
380 1608 508 1668 Namen
541 1608 700 1668 erhalten.
747 1608 834 1668 Herr
861 1605 1015 1665 Gebauer
1042 1605 1067 1665 in
1103 1605 1221 1665 Progr.
1242 1602 1273 1662 de

295 1652 467 1712 nobilitate
491 1652 613 1712 veterum
651 1651 876 1711 Germanorum
914 1652 946 1712 p.
965 1652 1021 1712 23.
1055 1649 1138 1709 Herr
1167 1644 1274 1704 Walch

296 1697 333 1757 de
357 1697 488 1757 homine
512 1697 657 1757 ciuitatis
676 1694 798 1754 experte
831 1694 887 1754 und
916 1691 995 1751 Herr
1020 1688 1151 1748 Dreyer
1175 1688 1197 1748 in
1231 1685 1282 1745 sei=

296 1743 351 1803 nen
387 1741 585 1801 vermischten
621 1739 875 1799 Abhandlungen
911 1736 941 1796 p.
961 1733 1068 1793 1316.
1089 1736 1185 1796 haben
1216 1732 1286 1792 dar¬

301 1790 440 1850 gethan,
467 1788 524 1848 daß
550 1787 617 1847 auch
639 1784 768 1844 Burger
795 1783 820 1843 in
852 1781 898 1841 den
930 1781 1070 1841 Stadten
1102 1781 1195 1841 diesen
1216 1780 1288 1840 Na=

304 1837 372 1897 men
399 1834 562 1894 geführet.
611 1836 658 1896 Ja
685 1834 769 1894 Herr
791 1829 843 1889 von
876 1831 1013 1891 Selchow
1050 1831 1071 1891 im
1114 1830 1224 1890 Tract.
1246 1825 1277 1885 de

302 1882 407 1942 Iurib.
428 1882 454 1942 ex
481 1882 549 1942 statu
576 1880 787 1940 ingenuitatis
808 1879 1029 1939 pendentibus,
1046 1882 1098 1942 hat
1115 1882 1140 1942 zu
1173 1879 1283 1939 bewei=

306 1935 352 1995 sen
383 1930 542 1990 gesuchet,
569 1930 625 1990 daß
662 1930 729 1990 auch
760 1929 894 1989 Bauren
930 1930 992 1990 mit
1013 1932 1111 1992 diesen
1147 1929 1271 1989 Namen

311 1980 424 2040 beleget
446 1978 600 2038 worden,
621 1978 740 2038 folglich
766 1978 817 2038 der
838 1978 947 2038 Name
978 1981 1061 2041 eines
1087 1979 1200 2039 Freyen
1237 1978 1278 2038 ein

298 2028 505 2088 allgemeiner
527 2028 638 2088 Name
660 2027 820 2087 gewesen,
847 2029 894 2089 der
916 2031 995 2091 nicht
1017 2031 1107 2091 allein
1134 2028 1181 2088 dem
1219 2024 1288 2084 nie¬

302 2127 356 2187 dem
401 2127 534 2187 Namen
570 2127 618 2187 der
654 2127 776 2187 Herren
812 2124 975 2184 benennet
1000 2127 1128 2187 worden
1164 2125 1212 2185 (§.
1233 2124 1286 2184 5.)

304 2173 359 2233 Da
387 2176 437 2236 der
454 2177 531 2237 Herr
554 2173 710 2233 Verfasser
733 2174 754 2234 in
788 2172 832 2232 dem
871 2175 1033 2235 folgenden
1061 2174 1166 2234 Theile
1189 2169 1238 2229 des
1255 2170 1283 2230 §.

306 2220 476 2280 beweiset,
508 2222 564 2282 daß
597 2220 648 2280 die
674 2218 793 2278 Herren
825 2217 876 2277 sich
908 2223 974 2283 nach
1006 2223 1094 2283 ihren
1136 2217 1281 2277 Dörfern

308 2267 370 2327 und
396 2264 541 2324 Guͤthern
573 2264 748 2324 genennet,
775 2262 796 2322 so
822 2264 920 2324 halten
952 2269 1008 2329 wir
1034 2270 1081 2330 den
1113 2267 1283 2327 Gegensatz

311 2360 409 2420 nichts
441 2355 607 2415 erinnern.
657 2357 700 2417 4)
725 2354 800 2414 Daß
837 2357 886 2417 das
924 2366 1059 2426 deutsche
1085 2365 1189 2425 Recht
1221 2363 1276 2423 aus

305 2407 408 2467 lauter
434 2403 692 2463 Gewohnheiten
719 2402 906 2462 bestanden,
932 2412 996 2472 und
1022 2414 1106 2474 nicht
1139 2411 1203 2471 eher
1236 2410 1280 2470 als

317 2455 342 2515 im
389 2455 480 2515 13ten
513 2449 754 2509 Jahrhundert
774 2450 806 2510 zu
840 2454 956 2514 Papier
990 2461 1133 2521 gebracht
1153 2458 1276 2518 worden

315 2506 367 2566 (§.
387 2506 445 2566 13.
459 2504 497 2564 p.
511 2505 589 2565 24.)
635 2497 713 2557 Wir
746 2494 837 2554 bitten
870 2500 948 2560 ihn,
968 2506 1019 2566 die
1040 2509 1274 2569 Anmerkungen

307 2604 347 2664 P.
371 2601 457 2661 642.
481 2599 700 2659 nachzulesen,
741 2591 903 2651 worinnen
938 2594 966 2654 er
990 2599 1088 2659 seinen
1123 2602 1261 2662 Irrthum

311 2648 437 2708 deuttich
465 2645 523 2705 und
550 2646 708 2706 gründlich
735 2641 899 2701 widerlegt
915 2642 1037 2702 finden,
1064 2649 1121 2709 und
1149 2649 1281 2709 zugleich

303 2696 406 2756 lernen
433 2694 541 2754 wird,
562 2693 613 2753 daß
646 2693 671 2753 er
697 2692 780 2752 nebst
801 2688 894 2748 vielen
925 2691 1034 2751 andern
1066 2697 1205 2757 Juristen
1232 2697 1278 2757 die

304 2745 541 2805 geschriebenen
576 2740 700 2800 Gesetze
729 2742 756 2802 im
808 2739 1045 2799 buchstäblichen
1080 2745 1136 2805 und
1165 2746 1282 2806 juristi¬

301 2793 380 2853 schen
413 2790 589 2850 Verstande
616 2790 679 2850 mit
701 2792 855 2852 einander
883 2787 1048 2847 verwirre.
1097 2793 1171 2853 Der
1193 2793 1278 2853 Herr

306 2844 467 2904 Verfasser
486 2841 552 2901 muß
577 2841 642 2901 auch
673 2841 721 2901 der
740 2841 926 2901 Salischen,
939 2840 1180 2900 Ripuarischen,
1193 2844 1282 2904 Bur¬

1291 372 1480 432 gundischen
1528 370 1586 430 und
1628 374 1764 434 anderer
1794 372 1924 432 Gesetze
1965 372 2113 432 vergessen
2161 378 2284 438 haben.

1294 422 1398 482 Irren
1426 418 1464 478 ist
1482 419 1674 479 menschlich.
1724 422 1768 482 5)
1797 422 1873 482 Daß
1902 419 1945 479 die
1968 421 2039 481 alten
2067 425 2287 485 Märckerdin=

1296 469 1333 529 ge
1355 467 1414 527 mit
1436 464 1539 524 lauter
1561 469 1756 529 Leibeigenen
1789 467 1898 527 besetzt
1914 467 2071 527 gewesen.
2121 470 2288 530 Märcker¬

1300 515 1394 575 dinge
1416 512 1474 572 sind
1496 512 1669 572 Gerichte,
1702 517 1812 577 welche
1839 518 1891 578 zum
1935 515 2045 575 Besten
2082 518 2135 578 der
2162 520 2277 580 ganzen

1306 562 1435 622 Marck,
1452 560 1479 620 d.
1501 560 1527 620 i.
1544 560 1593 620 des
1621 563 1756 623 Bezirks
1783 565 1804 625 in
1837 563 1886 623 der
1903 566 2103 626 Dorfschaft,
2120 568 2293 628 vornehm¬

1300 608 1351 668 lich
1388 607 1459 667 aber
1492 610 1594 670 wegen
1631 607 1677 667 der
1709 613 1926 673 Erhaltung,
1958 613 2195 673 Verbesserung
2227 613 2283 673 des

1301 657 1422 717 Holzes
1456 657 1516 717 und
1550 655 1761 715 Abwendung
1800 659 1855 719 des
1889 661 2127 721 Holzmangels
2167 662 2288 722 gewisse

1304 705 1558 765 Verordnungen
1586 704 1702 764 machen
1724 706 1782 766 und
1804 706 1899 766 Recht
1916 709 2074 769 sprechen.
2096 709 2171 769 Das
2192 709 2293 769 Recht

1311 798 1382 858 Vid.
1405 801 1437 861 2.
1455 801 1592 861 Abschn.
1609 801 1642 861 §.
1659 801 1697 861 4.
1714 801 1769 861 und
1803 801 1835 861 1.
1858 801 1984 861 Abschn.
2013 803 2045 863 §.
2068 807 2123 867 15.
2151 804 2178 864 ab
2212 806 2283 866 init.

1305 846 1336 906 et
1358 846 1415 906 fin.
1459 843 1532 903 Der
1559 849 1638 909 Herr
1665 849 1824 909 Verfasser
1845 849 1972 909 glaubt,
1989 849 2041 909 daß
2068 850 2115 910 die
2137 855 2290 915 Mitglie¬

1306 892 1359 952 der
1387 894 1478 954 dieses
1500 894 1646 954 Gerichts
1663 897 1841 957 Leibeigene
1863 897 2014 957 gewesen.
2041 898 2139 958 Hätte
2161 900 2187 960 er
2215 902 2284 962 aber

1313 939 1445 999 Ottonis
1467 942 1514 1002 M.
1530 942 1699 1002 capitular.
1716 942 1800 1002 Leg.
1817 945 1912 1005 Salic.
1928 945 1954 1005 et
1970 945 2177 1005 Longobard.
2188 948 2288 1008 addit.

1308 981 1354 1041 T.
1370 984 1447 1044 VII.
1458 987 1504 1047 die
1520 990 1773 1050 Constitutionem
1810 992 1943 1052 Henrici
1960 990 2068 1050 Leonis
2084 991 2161 1051 anno
2188 996 2290 1056 1158.

1305 1073 1428 1133 Decret
1449 1078 1613 1138 Rudolphi
1635 1080 1665 1140 de
1691 1082 1773 1142 anno
1805 1085 1907 1145 1291.
1933 1085 1964 1145 in
1995 1087 2165 1147 Herrgotts
2196 1089 2262 1149 orig

1308 1118 1440 1178 Habsp.
1462 1124 1504 1184 T.
1520 1124 1583 1184 III.
1605 1127 1636 1187 p.
1663 1127 1753 1187 598.
1775 1130 1837 1190 und
1865 1133 1981 1193 andere
2008 1136 2118 1196 mehr,
2145 1136 2172 1196 so
2204 1136 2288 1196 Herr

1310 1166 1445 1226 Dreyer
1460 1169 1485 1229 l.
1500 1169 1530 1229 c.
1556 1169 1591 1229 p.
1607 1172 1711 1232 1217.
1737 1175 1913 1235 anführet,
1934 1178 1993 1238 nur
2019 1178 2064 1238 ein
2095 1184 2195 1244 wenig
2231 1184 2290 1244 mit

1313 1214 1461 1274 Bedacht
1483 1213 1593 1273 gelesen
1626 1216 1752 1276 haben,
1779 1219 1806 1279 so
1833 1220 1943 1280 würde
1971 1222 2018 1282 ihm
2066 1225 2123 1285 sein
2156 1231 2293 1291 Zweifel

1313 1261 1365 1321 den
1392 1263 1418 1323 er
1440 1261 1487 1321 sich
1514 1264 1603 1324 selber
1630 1263 1724 1323 wider
1746 1264 1840 1324 diesen
1867 1264 1951 1324 Satz
1967 1269 2099 1329 machet,
2120 1271 2183 1331 viel
2200 1274 2267 1334 wich

1309 1311 1406 1371 tiger,
1423 1315 1476 1375 und
1505 1315 1585 1375 seine
1608 1315 1743 1375 Gründe
1771 1315 1901 1375 dagegen
1929 1315 1993 1375 sehr
2016 1315 2140 1375 schwach
2168 1318 2292 1378 geschie¬

1301 1363 1361 1423 nen
1401 1364 1523 1424 haben.
1579 1363 1662 1423 Wir
1691 1366 1897 1426 wünschten,
1931 1366 1975 1426 die
2009 1366 2148 1426 Anlagen
2188 1367 2287 1427 dieses

1309 1413 1422 1473 Buchs
1444 1413 1546 1473 waͤren
1574 1413 1600 1473 in
1628 1413 1736 1473 bessere
1764 1416 1877 1476 Haͤnde
1900 1416 2072 1476 gerathen,
2095 1416 2148 1476 und
2181 1416 2229 1476 daß
2257 1415 2283 1475 es

1310 1461 1366 1521 den
1392 1461 1496 1521 Herrn
1532 1464 1755 1524 Cameralisten
1791 1464 1936 1524 einfallen
1973 1467 2086 1527 möchte
2112 1464 2210 1524 lieber
2232 1464 2298 1524 Ob¬

1310 1509 1505 1569 servationes
1532 1512 1577 1572 als
1604 1512 1794 1572 Systemata
1826 1512 1857 1572 zu
1888 1513 2058 1573 schreiben.
2110 1512 2181 1572 Sie
2208 1515 2295 1575 wür¬

1310 1554 1361 1614 den
1388 1557 1444 1617 auf
1465 1557 1558 1617 solche
1574 1557 1682 1617 Weise
1704 1559 1801 1619 Stein
1833 1560 1894 1620 und
1916 1560 1998 1620 Holz
2024 1563 2200 1623 zusammen
2232 1562 2293 1622 tra¬

1309 1602 1397 1662 gen,
1422 1602 1460 1662 ein
1490 1602 1598 1662 andrer
1618 1602 1725 1662 würde
1750 1605 1803 1665 das
1829 1605 1985 1665 Gebäude
2005 1608 2201 1668 aufführen:
2226 1609 2284 1669 und

1314 1641 1356 1701 ein
1390 1643 1471 1703 jeder
1500 1643 1610 1703 würde
1639 1646 1663 1706 in
1702 1646 1797 1706 seiner
1827 1648 1970 1708 Sphäre
1999 1653 2281 1713 achtungswürdig

1312 1685 1402 1745 seyn.
1451 1685 1565 1745 Kostet
1591 1685 1614 1745 in
1648 1688 1700 1748 der
1720 1688 1921 1748 Kanterschen
1951 1696 2210 1756 Buchhandlung
2244 1700 2296 1760 all¬

1317 1733 1405 1793 hier,
1429 1733 1488 1793 wie
1513 1736 1577 1796 auch
1601 1734 1625 1794 in
1655 1736 1773 1796 Elbing
1798 1739 1856 1799 und
1880 1739 1986 1799 Mitau
2023 1742 2034 1802 3
2058 1744 2093 1804 fl.
2112 1745 2146 1805 15
2171 1746 2217 1806 gr.

1723 1790 1887 1850 Paris.

1381 1834 1456 1894 Die
1484 1837 1608 1897 Gazette
1636 1840 1793 1900 littéraire
1832 1840 1885 1900 hat
1913 1840 1972 1900 mit
1995 1839 2043 1899 dem
2087 1840 2282 1900 verflossenen

1321 1884 1420 1944 März
1443 1888 1531 1948 ihren
1565 1888 1692 1948 Anfang
1726 1888 1942 1948 genommen,
1965 1888 2026 1948 und
2054 1886 2087 1946 ist
2115 1888 2181 1948 nach
2210 1893 2298 1953 aller¬

1315 1933 1394 1993 hand
1415 1936 1627 1996 Hindernißen
1654 1939 1765 1999 endlich
1792 1939 1844 1999 vom
1882 1936 2184 1996 Staatsministerio
2206 1937 2295 1997 selbst

1315 1984 1474 2044 gebilliget
1491 1987 1640 2047 worden,
1662 1987 1788 2047 welches
1816 1987 1906 2047 solche
1928 1986 2087 2046 Anstalten
2119 1984 2146 2044 zu
2178 1984 2300 2044 Beför¬

1315 2031 1431 2091 derung
1469 2034 1563 2094 dieser
1591 2034 1797 2094 periodischen
1829 2034 1966 2094 Schrift
1988 2031 2163 2091 getroffen,
2179 2032 2231 2092 daß
2258 2034 2289 2094 es

307 2079 376 2139 dern
415 2079 495 2139 Adel
517 2079 759 2139 zugekommen.
803 2080 845 2140 3)
873 2079 948 2139 Daß
981 2079 1029 2139 die
1051 2079 1174 2139 Dörfer
1202 2076 1271 2136 nach
1315 2079 1470 2139 derselben
1503 2079 1605 2139 weder
1638 2080 1675 2140 an
1708 2082 1891 2142 Neuigkeit
1929 2085 1988 2145 und
2026 2082 2295 2142 Abwechselung,

1315 2125 1384 2185 noch
1416 2130 1680 2190 Zuverläßigkeit
1702 2125 1802 2185 fehlen
1834 2128 1934 2188 wird.
2004 2129 2077 2189 Der
2115 2133 2199 2193 Herr
2226 2135 2289 2195 Abt

1316 2175 1514 2235 Arnaud,
1543 2173 1700 2233 Mitglied
1724 2172 1774 2232 der
1792 2175 1932 2235 Königl.
1950 2177 2119 2237 Academie
2137 2178 2187 2238 der
2210 2181 2294 2241 Wis¬

1315 2223 1494 2283 senschaften
1527 2220 1586 2280 und
1614 2220 1700 2280 Herr
1728 2218 1879 2278 Suard
1907 2220 2026 2280 werden
2059 2226 2151 2286 daran
2190 2226 2292 2286 arbei¬

1310 2268 1382 2328 ten,
1408 2270 1438 2330 da
1465 2270 1542 2330 diese
1569 2265 1661 2325 beyde
1688 2266 1921 2326 Schriftsteller
1947 2267 2060 2327 bereits
2097 2269 2143 2329 die
2164 2267 2288 2327 Gazette

308 2310 367 2370 vor
403 2311 483 2371 einen
524 2309 764 2369 Druckfehler,
801 2310 860 2370 und
896 2315 1006 2375 wollen
1042 2320 1101 2380 also
1137 2312 1277 2372 dawider
1319 2316 1353 2376 de
1379 2318 1489 2378 France
1515 2314 1599 2374 unter
1625 2312 1675 2372 den
1705 2315 1856 2375 Befehlen
1887 2315 1937 2375 des
1957 2312 2288 2372 Staats=Secretairs

1313 2363 1367 2423 der
1403 2365 1619 2425 auswärtigen
1665 2365 1951 2425 Angelegenheiten
1992 2363 2188 2423 ausfertigen
2229 2365 2283 2425 und

1305 2414 1490 2474 anordnen.
1544 2408 1612 2468 Alle
1635 2408 1788 2468 Mitwoch
1821 2413 1878 2473 foll
1895 2411 1932 2471 ein
1975 2410 2086 2470 Bogen
2113 2411 2139 2471 in
2172 2414 2208 2474 8.
2235 2417 2288 2477 auf

1320 2461 1436 2521 schönen
1468 2456 1594 2516 Papier
1616 2455 1673 2515 mit
1690 2458 1773 2518 gutem
1816 2461 1921 2521 Druck
1943 2460 2137 2520 erscheinen;
2164 2463 2195 2523 am
2228 2463 2290 2523 En¬

1315 2509 1349 2569 de
1375 2509 1446 2569 aber
1471 2505 1556 2565 eines
1582 2503 1668 2563 jeden
1709 2509 1850 2569 Monats
1881 2506 1951 2566 noch
1987 2506 2028 2566 ein
2063 2509 2290 2569 Supplement

308 2552 360 2612 des
388 2551 487 2611 Herrn
520 2548 714 2608 Silberrads
741 2545 815 2605 über
836 2546 1005 2606 Heineccii
1021 2554 1168 2614 historiam
1206 2551 1279 2611 Iuris
1317 2557 1390 2617 dazu
1417 2554 1575 2614 kommen,
1586 2551 1638 2611 das
1655 2555 1734 2615 ganz
1755 2557 1839 2617 allein
1866 2557 1918 2617 für
1940 2556 1982 2616 die
2003 2558 2198 2618 auswärtige
2220 2560 2293 2620 Lite¬

1315 2604 1402 2664 ratur
1428 2601 1583 2661 bestimmt
1599 2599 1660 2659 seyn
1687 2604 1743 2664 und
1774 2605 1872 2665 theils
1888 2605 2146 2665 Uebersetzungen
2172 2608 2285 2668 ganzer

1309 2652 1473 2712 Aufsätze,
1496 2645 1586 2705 theils
1615 2652 1836 2712 ausführliche
1859 2652 2006 2712 Auszüge
2035 2655 2187 2715 wichtiger
2216 2655 2289 2715 Bü¬

1316 2698 1380 2758 cher
1397 2696 1547 2756 enthalten
1581 2693 1672 2753 wird.
1721 2700 1791 2760 Die
1808 2700 2035 2760 Subscription
2063 2703 2186 2763 beträgt
2203 2700 2294 2760 jähr¬

1310 2746 1366 2806 lich
1387 2743 1563 2803 zusammen
1584 2742 1620 2802 24
1646 2745 1770 2805 Livres.
1796 2748 1869 2808 Die
1890 2749 2060 2809 Gelehrten
2087 2749 2112 2809 in
2139 2748 2293 2808 Deutsch=

1316 2796 1385 2856 land
1418 2793 1477 2853 und
1510 2790 1640 2850 Norden
1668 2796 1780 2856 können
1808 2796 1878 2856 ihre
1900 2798 2062 2858 Schriften
2090 2796 2192 2856 selbst,
2214 2793 2284 2853 oder

1312 2843 1590 2903 Ankündigungen
1619 2845 1675 2905 und
1698 2847 1869 2907 Auszüge,
1892 2847 2010 2907 davon,
2029 2844 2181 2904 entweder
2205 2841 2227 2901 in
2250 2841 2294 2901 la¬

2187 2888 2294 2948 teini¬
